2904 4846
667 153 885 217 -72-

190 337 438 416 persuaserunt,
463 329 515 396 de¹
529 336 639 396 aetate
663 331 829 397 dissensio
854 332 907 396 sit.
945 330 1146 396 Brandisius
1164 331 1197 411 (l.
1214 331 1235 396 l.
1253 354 1285 416 p.
1303 329 1362 415 32)

191 436 283 501 00110
306 437 542 503 Memorabilia
565 438 654 503 01100
677 460 705 503 a.
730 439 796 503 394
820 439 1004 525 composita
1028 460 1101 503 0000
1125 437 1272 522 0000011,
1298 438 1361 502 00-

192 543 291 609 betus
308 542 425 610 0011010
442 545 513 610 fere
529 551 690 632 tempore,
713 568 778 631 quo
794 546 962 611 accusatio
977 545 1168 630 Polycratis
1186 550 1220 609 01
1235 544 1363 630 Lysiae

190 651 346 737 apologia
358 652 503 738 scriptae
521 660 651 737 000001,
676 654 916 740 Xenophontis
941 674 1073 739 quoque
1092 652 1363 718 Commentarios
1437 726 1441 732 ,

190 765 279 824 ortos
317 781 389 825 esse
424 759 559 846 putavit
593 760 691 839 (Nov.
722 761 817 825 Leet.
846 784 879 847 p.
904 761 997 845 678),
1033 758 1257 826 Schenkelius
1291 782 1364 824 non

189 866 337 931 multum
359 874 438 952 post
461 867 574 931 0390
598 868 699 947 (Xen.
717 866 813 933 Stud.
836 868 872 932 Π
887 891 919 954 p.
939 864 1026 952 153),
1049 865 1248 931 Dindorfius
1272 865 1365 931 01100

192 972 243 1038 01.
268 974 311 1037 99
335 969 390 1058 (=
416 973 594 1038 384-380
618 998 645 1040 a.
672 974 709 1040 O.
733 970 793 1058 0.).
825 974 975 1052 Quorum
998 973 1202 1040 Brandisius¹
1224 973 1365 1058 quidem

190 1102 232 1144 ex
254 1079 328 1166 ipsa
352 1102 413 1145 sua
436 1080 607 1146 sententia
630 1080 729 1146 facile
752 1081 934 1167 refutatur,
963 1104 1040 1147 cum
1063 1104 1175 1146 muros
1198 1082 1318 1167 longos
1344 1104 1364 1146 a

190 1185 328 1252 Conone
356 1209 385 1252 0.
414 1188 479 1278 393
508 1189 684 1254 restitutos
713 1211 732 1252 a
758 1189 938 1275 Polycrate
976 1195 1251 1254 commemoratos
1287 1210 1363 1253 esse

188 1293 382 1359 Favorinus
410 1300 555 1360 testetur
563 1290 604 1376 ¹),
643 1297 762 1381 Neque
797 1318 881 1380 quae
913 1295 1137 1387 Schenkelius
1172 1294 1362 1380 contendit,

187 1399 415 1486 probabiliora
438 1410 534 1487 sunt,
570 1403 629 1487 qui
652 1425 728 1467 eum
751 1402 941 1473 Pfundium
968 1402 1022 1484 ((10
1045 1403 1207 1468 Isocratis
1230 1403 1303 1468 vita
1328 1409 1364 1468 et

189 1506 326 1594 scriptis
359 1531 392 1594 p.
432 1509 485 1589 18)
521 1515 655 1574 secutus
690 1501 891 1596 Polycratis
916 1510 1196 1576 declamationem
1230 1533 1258 1575 0.
1296 1511 1391 1575 392

190 1616 410 1702 compositam
423 1638 495 1681 esse
504 1616 838 1703 Xenophontemque
854 1640 882 1682 0.
897 1618 963 1681 390
978 1617 1123 1682 fundum
1137 1617 1362 1684 'Scilluntium

189 1723 359 1809 accepisse
395 1729 545 1807 censeat,
580 1724 815 1790 Memorabilia
841 1724 955 1810 paullo
982 1731 1061 1809 post
1088 1747 1115 1790 a.
1141 1726 1207 1789 390
1235 1724 1363 1809 scripta

187 1829 403 1916 primumque
429 1830 670 1916 Xenophontis
706 1853 789 1916 opus
824 1853 896 1896 esse
906 1826 931 1911 2)
966 1831 1060 1896 dicit.
1112 1834 1230 1916 Neque
1268 1831 1362 1896 enirn

187 1937 403 2023 Polycratem
442 1938 510 2002 iam
537 1961 566 2002 a.
592 1938 656 2001 392
690 1933 911 2023 scripsissell,
951 1961 1062 2023 neque
1096 1937 1362 2024 Xenophontem

187 2050 366 2130 postquam
377 2045 543 2125 Scillunte
557 2044 775 2128 consedisset,
789 2046 905 2109 statim
915 2046 1148 2111 Memorabilia
1161 2068 1361 2131 componere

191 2152 342 2237 coepisse
378 2157 524 2234 constat,
571 2157 605 2215 et
638 2152 886 2237 Cynegeticum
914 2153 981 2217 iam
1005 2176 1033 2218 0.
1057 2153 1123 2217 402
1152 2159 1264 2217 011010
1288 2175 1361 2218 0000

189 2257 437 2324 demonstrasse
460 2258 546 2323 mihi
569 2257 696 2324 videor.
741 2259 826 2323 Cum
849 2258 1029 2325 Dindorfio
1051 2282 1133 2325 vero
1157 2282 1362 2345 quamquam

189 2365 231 2430 de
253 2366 434 2452 Polycrate
458 2364 691 2450 dissideamus,
717 2365 759 2430 de
775 2366 1047 2431 Memorabilium
1070 2374 1221 2453 tempore
1245 2373 1362 2431 tamen

192 2473 377 2558 consenti0,
402 2494 478 2537 0010
503 2479 537 2536 01
561 2494 623 2557 ego
647 2473 697 2538 Ol.
723 2474 765 2537 99
790 2469 825 2557 (i.
851 2497 878 2538 0.
903 2474 994 2539 10101
1017 2497 1045 2539 a.
1071 2473 1261 2556 384-80)
1288 2473 1361 2538 fere

191 2579 316 2645 librum
355 2579 579 2665 compositum
618 2603 691 2644 esse
730 2603 895 2646 censeam.
966 2581 1214 2667 Cynegeticum
1256 2581 1359 2665 00110,
1395 2583 1398 2652 s

189 2686 445 2752 Hellenicorum
468 2711 501 2773 p.
526 2689 553 2771 l,
579 2687 841 2753 Oeconomicum
861 2693 940 2752 ante
956 2688 1190 2753 Memorabilia
1206 2685 1362 2753 confecta

190 2815 263 2858 0000
286 2793 528 2880 particularum
561 2817 626 2860 000
658 2795 926 2861 (10100001101001
961 2795 1117 2860 existimo
1153 2800 1187 2859 01
1221 2795 1361 2859 omnino

298 3056 324 3128 1)
343 3058 414 3113 Fau.
427 3058 505 3130 apud
518 3059 602 3131 Diog.
616 3060 711 3114 Laert.
725 3059 756 3114 Π
767 3060 815 3114 39:
830 3053 1005 3130 Πολυκράτης
1017 3062 1046 3112 ἐν
1059 3059 1096 3128 rui
1107 3054 1180 3129 λόγῳ
1192 3054 1361 3130 μνημονεύει
1434 3041 1440 3066 ⁸

190 3145 243 3198 τῶν
263 3139 317 3198 ὑπὸ
337 3141 466 3206 Κόνωνος
484 3148 581 3218 τειχῶν
601 3142 819 3213 ἀνασταθέντων,
846 3141 863 3200 εἳ
885 3152 1000 3218 γέγονεν
1019 3150 1107 3201 ἔτεσιν
1126 3149 1153 3208 ἓξ
1170 3148 1215 3214 τῆς
1234 3147 1282 3200 τοῦ
1301 3153 1361 3201 Σω-

191 3229 306 3306 κράτους
323 3236 444 3303 τελευτῆς
464 3229 584 3309 ὕστερον.

298 3323 326 3396 2)
362 3326 480 3397 Eadem,
513 3345 585 3398 quae
603 3327 790 3381 Schenkelius
823 3327 858 3380 de
889 3326 1126 3381 Memorabilibus
1158 3328 1362 3400 Xenophontis

191 3414 365 3486 scriptorum
383 3416 590 3487 antiquissimis
609 3415 776 3488 disputavit,
789 3415 997 3470 Delbrueckius
1011 3415 1065 3471 sibi
1077 3417 1228 3487 persuasit,
1249 3418 1298 3488 qui
1317 3420 1364 3473 vel

191 3503 222 3558 in
240 3504 311 3559 Asia
328 3504 404 3559 inter
422 3523 449 3560 a.
468 3507 520 3561 399
540 3511 569 3561 01
586 3507 639 3561 396
658 3509 791 3560 00011001
809 3505 916 3559 librum
940 3510 1036 3559 ortum
1060 3523 1121 3560 esse
1148 3506 1258 3560 censuit
1277 3507 1363 3578 (Xan,

81 3623 85 3631 ·
190 3612 217 3665 p.
239 3595 320 3648 5911.
343 3594 397 3664 10),
417 3613 540 3666 quocum
560 3593 704 3649 consentit
722 3593 896 3648 Kuehnerus
915 3595 957 3648 ed.
976 3615 1003 3666 p.
1023 3596 1065 3649 36.

298 3685 327 3752 3)
364 3684 493 3738 Blassius
512 3683 585 3751 (Att.
604 3683 719 3738 Bereds.
739 3683 770 3737 ΙΙ
788 3682 851 3753 226)
870 3684 1008 3738 Isocratis
1031 3684 1159 3740 Busirim
1177 3685 1273 3755 paullo
1297 3692 1364 3756 post

192 3773 356 3844 Polycratis
374 3772 501 3828 Busirim
520 3772 701 3842 Socratisque
724 3772 936 3828 accusationem
955 3767 1064 3828 e'ditum
1091 3792 1151 3828 non
1178 3774 1240 3828 sine
1267 3775 1364 3845 aliqua

192 3862 404 3934 probabilitatis
435 3861 528 3933 specie
556 3862 592 3915 ad
621 3860 795 3933 Panegyrici
822 3867 936 3939 tempus
961 3862 1068 3932 reiecit,
1097 3863 1146 3933 qui
1173 3864 1226 3917 385
1244 3863 1291 3918 vel
1310 3865 1364 3918 380

193 3951 369 4024 compositus
388 3958 432 4006 est
450 3950 554 4022 (Blass.
574 3952 592 4005 1.
610 3952 628 4005 l.
648 3970 675 4022 p.
686 3950 759 4022 230),
785 3969 851 4006 0010
869 3952 1011 4006 Isocrates
1030 3951 1190 4022 sophistam
1208 3954 1364 4023 probatum

193 4046 410 4112 spectatumque
423 4057 453 4095 se
466 4045 556 4112 gerat.
572 4071 603 4078 -
616 4040 691 4095 Mihi
705 4042 741 4095 de
750 4042 905 4112 Polycrate
917 4040 991 4095 nihil
1004 4041 1081 4095 aliud
1095 4047 1226 4096 constare
1239 4040 1363 4112 videtur,

194 4148 280 4200 quam
300 4130 460 4200 quodcum
478 4128 554 4183 inter
572 4147 597 4184 a.
616 4130 669 4184 393
682 4136 711 4185 et
724 4131 777 4185 380
789 4129 936 4202 scripsisse
956 4135 1077 4202 oportet,
1097 4148 1162 4184 curn
1175 4130 1278 4202 Lysias
1297 4149 1365 4186 euin

194 4218 248 4274 sibi
267 4218 456 4273 refellendum
474 4226 609 4289 sumeret,
629 4220 709 4274 cuius
722 4221 832 4273 nullam
845 4219 1002 4290 genuinam
1014 4219 1174 4274 orationem
1186 4224 1252 4289 post
1271 4238 1296 4274 a.
1310 4221 1364 4274 380

195 4307 384 4380 compositam
401 4307 559 4379 Dionysius
577 4310 644 4363 Hal.
664 4309 734 4381 legit
753 4307 799 4379 (de
817 4309 884 4380 Lys.
904 4307 965 4362 XII
971 4325 976 4377 ;
996 4308 1080 4363 Blass
1099 4308 1132 4365 A.
1152 4309 1186 4362 B.
1205 4308 1310 4378 1335).
