2880 4852
541 84 758 148 „69-

77 240 294 342 γραψαμένους
328 260 441 325 dicere
474 260 601 347 potuit,
636 261 833 326 nominihus
866 283 936 326 non
959 261 1099 345 additis,
1130 263 1232 348 Poly-

77 365 166 431 cratis
188 373 302 432 autem
326 366 606 433 declamationem
629 374 700 433 tam
724 369 891 434 celebrem
919 368 1040 453 firisee,
1069 375 1108 434 ut
1134 391 1234 435 nemo

10 530 18 558 ,
77 479 177 559 posset
208 473 374 556 dubitare,
410 475 493 559 quin
528 475 625 539 illum
652 475 847 562 Xenophon
882 476 1095 541 intellectum
1118 477 1233 562 vellet,

20 633 23 669 ,
80 601 111 644 ea
128 603 161 645 re
194 603 264 647 non
299 581 381 646 satis
416 581 592 668 probatur,
629 583 718 668 quod
746 582 869 668 Lysias
893 582 1062 670 Apologia
1086 584 1234 649 Socratis

14 719 30 776 ,ι
81 688 248 775 composita
271 711 348 753 eum
370 688 586 754 refutandum
611 688 678 754 eibi
701 691 846 776 sumpsit
869 688 953 774 (Vit.
970 692 1006 754 X
1023 696 1105 757 orat.
1122 714 1154 776 p.
1168 691 1233 756 836

29 864 30 869 ,
81 789 108 877 b;
127 794 225 861 schol.
250 794 393 862 Arietid.
417 796 472 861 HI
494 820 526 883 p.
545 797 619 881 320,
643 798 666 860 4
689 804 723 861 et
747 797 804 880 253
833 799 910 882 480,
935 798 978 861 32
1001 796 1129 877 Dind.).
1165 798 1233 863 Ne·
1360 869 1361 873 ,

25 894 31 985 ’ἱ
84 921 131 985 quc
151 907 189 967 ut
222 909 315 979 recte
343 903 534 990 Xenophon
568 927 587 968 a
620 904 814 989 legentibus
849 904 1120 990 intellegeretur,
1157 927 1234 970 cum

18 1051 36 1089 p
83 1007 160 1075 nodo
192 1001 270 1084 τοὺς
292 1005 530 1094 γραψαμένους,
566 1010 666 1076 modo
700 1002 756 1071 cdv
790 1002 971 1096 κατήγορον
995 1011 1124 1077 diceret
1164 1034 1233 1077 non

20 1156 33 1197 ρ
84 1111 196 1201 docens,
220 1117 296 1202 quis
320 1116 385 1202 hic,
411 1117 470 1203 qui
493 1118 546 1182 illi
569 1124 697 1202 essent,
730 1117 806 1183 fieri
828 1118 955 1205 potuit3
990 1141 1070 1183 nam
1093 1142 1136 1184 ne
1160 1121 1232 1206 plu·
1296 1122 1302 1138 ¹

26 1241 33 1270 ³
85 1221 291 1309 aliquidem
313 1247 445 1310 semper
467 1225 586 1309 utitur,
610 1224 670 1290 sed
692 1226 710 1289 I
734 1226 764 1309 2,
789 1225 833 1290 64
864 1214 1115 1309 ὃγραιγάμενος
1143 1249 1232 1291 com·
1293 1289 1295 1293 .

10 1345 29 1393 'f
81 1337 273 1415 memoratur,
309 1330 369 1396 ubi
391 1332 537 1397 Meletus
561 1330 812 1418 intellegendus
836 1339 897 1397 est.
952 1333 1072 1418 Itaque
1095 1334 1233 1399 omnino

10 1450 26 1511 γ’
78 1432 99 1500 is
115 1443 289 1504 accusator
305 1437 556 1523 intellegendus
574 1460 647 1503 esee
670 1438 815 1524 videtur,
841 1439 901 1524 qui
921 1439 958 1505 in
974 1440 1100 1505 iudicio
1118 1446 1234 1507 contra

10 1556 22 1618 {¹⁴
76 1540 234 1610 Socratem
258 1542 356 1610 dixit.

10 1662 15 1675 '
163 1650 300 1717 Deinde
328 1674 372 1716 ne
401 1651 519 1717 eadem
547 1652 699 1738 quidem,
736 1676 820 1738 quae
856 1652 1077 1739 aPolycrate
1102 1655 1233 1720 Socrati

68 1756 190 1824 obiecta
226 1781 299 1824 esee
333 1760 499 1825 Isocrates
533 1759 765 1845 Aristidisque
805 1760 986 1825 scholiasta
1020 1760 1174 1846 tradunt,
1214 1785 1234 1827 a

64 1862 285 1951 Xenophonte
318 1865 534 1951 refelluntur,
574 1867 771 1952 Polycrates
807 1868 899 1932 enim
933 1867 1106 1933 rhetorum
1140 1891 1232 1934 more

62 1973 215 2038 veritatis
238 1972 307 2037 fide
331 1995 401 2038 non
425 1980 558 2039 servata
581 1997 635 2038 res
659 1974 696 2039 in
719 1975 827 2040 maius
852 1976 988 2059 extulit,
1024 1976 1150 2062 quippe
1174 1976 1233 2067 qui

60 2079 233 2146 Socratem
263 2067 356 2163 ὄρνεα
379 2074 435 2142 καὶ
458 2071 555 2154 κύνας
579 2076 635 2142 καὶ
659 2073 700 2142 roi
724 2082 861 2143 τοιαῦτα
885 2077 991 2161 σέβειν
1015 2078 1082 2143 δεῖν
1105 2082 1233 2148 dixisse

59 2185 129 2268 (cfr.
153 2186 300 2274 hypoth.
324 2186 376 2253 ad.
400 2187 502 2254 Isocr.
526 2188 652 2268 Busir.)
682 2195 716 2253 et
742 2212 814 2253 rem
842 2188 1012 2275 publicam
1036 2213 1232 2255 eversurum

56 2292 164 2359 fuisse
176 2316 255 2359 cum
266 2295 404 2362 Ulixem
416 2295 636 2361 Homericum
651 2318 748 2381 reges
763 2297 995 2382 castigantem,
1008 2296 1230 2384 plebemver-

56 2400 234 2467 herentem
268 2401 326 2482 (Jl.
350 2402 394 2467 B:
418 2403 481 2468 188
505 2402 544 2481 e.)
578 2401 758 2487 laudasset,
795 2403 975 2469 tradiderit
998 2404 1113 2485 (schol.
1136 2405 1158 2471 l.
1183 2404 1229 2488 1.),

58 2507 341 2594 Alcibiademque
375 2509 427 2574 illi
462 2509 667 2596 discipulum
691 2509 824 2575 dederit
857 2509 973 2595 (Isocr.
997 2511 1109 2577 Busir.
1134 2513 1155 2576 l.
1180 2509 1228 2594 1.).

58 2614 251 2703 Xenophon
274 2622 390 2681 autem·
411 2617 637 2682 ementientes
666 2618 741 2682 illas
777 2619 1058 2705 superiectioneS,
1094 2641 1176 2703 quas
1200 2619 1231 2683 si

60 2720 250 2809 Polycratis
265 2722 439 2788 refutandi
459 2746 559 2789 causa
573 2724 809 2790 Memorabilia
826 2726 972 2812 scripsit,
995 2725 1149 2790 refellere
1173 2724 1231 2789 de-

61 2826 144 2914 buit,
167 2851 213 2895 ne
237 2831 513 2896 commemoravit
537 2831 685 2916 quidem,
721 2831 781 2896 sed
804 2831 846 2897 ab
869 2833 912 2897 iis
936 2831 1035 2897 modo
1060 2833 1231 2898 Socratem

63 2934 224 3021 defendit,
242 2959 328 3022 quae
344 2944 554 3003 accusatores
567 2938 619 3002 illi
631 2938 718 3004 vitio
730 2945 914 3004 verterant.
942 2939 1030 3004 Nam
1042 2938 1084 3003 ab
1097 2962 1230 3004 accusa-

63 3048 131 3109 tore
147 3043 282 3111 Socrati
304 3044 394 3110 obici
416 3044 511 3128 dicit,
547 3044 637 3129 quod
664 3039 756 3128 ἕτερα
784 3037 880 3106 καινοὶ
905 3037 1060 3125 δαιμόνια
1083 3038 1231 3131 εἰσφέροι

65 3146 145 3235 (ΙΙ,
171 3152 191 3216 1
214 3147 282 3236 sq.)
305 3157 340 3216 et
363 3150 454 3236 quod
476 3152 663 3216 Homerum
699 3174 754 3217 eos
789 3152 984 3218 laudantem
1018 3152 1135 3238 faciat,
1172 3153 1231 3239 qui

65 3252 214 3323 homines
237 3257 386 3344 plebeios
402 3280 633 3344 pauperesque
649 3258 847 3326 verberibus
864 3259 1039 3325 afficerent
1062 3257 1093 3343 (I
1117 3261 1147 3346 2,
1164 3260 1230 3345 58),

67 3371 97 3431 et
127 3364 219 3451 quod
255 3363 451 3430 Alcibiades
488 3365 681 3452 Critiasque
721 3367 965 3433 consuetudine
1001 3368 1149 3434 Socratis
1176 3368 1253 3433 usit

68 3479 187 3555 essent3
211 3470 335 3556 quibus
359 3472 549 3559 opprobriis
565 3472 755 3539 refutandis
771 3474 844 3560 ipse
861 3497 995 3560 operam
1011 3481 1124 3540 navat.
1163 3474 1232 3539 Sed

67 3576 319 3666 eiPclycratem
341 3578 545 3667 redarguere
564 3580 683 3664 voluit,
707 3603 818 3666 neque
841 3581 1031 3667 respublica
1048 3580 1231 3647 evertenda

66 3702 170 3771 neque
201 3707 303 3751 canes
338 3685 500 3752 adorandi
533 3687 830 3773 praetermittendi
852 3688 1115 3773 Polycratesque
1138 3689 1229 3754 vitu-

65 3791 229 3879 perandus
256 3792 337 3879 firit,
373 3793 464 3878 quod
486 3792 701 3859 Alcibiadem
737 3795 809 3859 eius
844 3794 1048 3881 discipulum
1076 3795 1228 3880 dixisset,

63 3901 117 3987 qui
138 3901 269 3968 nullius
292 3923 442 3985 unquam
467 3903 630 3986 magister
653 3900 789 3985 fuisset;
819 3925 878 3966 cur
899 3924 980 3967 vero
1005 3903 1148 3967 Critiam
1172 3902 1229 3966 ad-

42 4006 199 4093 diderit,
237 4007 333 4073 cuius
368 4007 425 4072 ille
460 4030 503 4072 ne
538 4008 746 4073 mentionem
775 4007 912 4094 quidem
939 4008 1060 4074 fecisse
1082 4008 1228 4094 videtur,

59 4117 196 4183 omnino
219 4136 291 4181 non
313 4113 534 4199 intellegitur.
591 4115 716 4181 Omnia
749 4116 857 4202 igitur
879 4117 1069 4202 Polycratis
1092 4116 1228 4202 propria

57 4222 273 4310 rhetorisque
296 4227 437 4288 naturae
461 4230 686 4288 consentanea
709 4224 971 4311 aXenophonte
990 4224 1229 4310 negleguntur,
