2880 4852
672 215 889 282 114...

196 417 311 461 eorum
339 394 596 482 imperatorum,
627 395 686 481 qui
710 395 834 460 deinde
858 421 877 461 a
901 397 1041 463 Graecis
1066 397 1171 461 creati
1203 403 1296 481 sunt,
1333 420 1370 461 se

196 504 308 590 ipsum
332 509 366 567 31
389 497 619 568 Τ11113310113111
642 503 802 568 minimos
823 511 907 568 natu
931 504 1037 569 fuisse
1053 503 1249 590 Xenophon
1265 510 1370 567 testa-

196 741 335 804 oorpora
370 717 528 802 exigebat
562 717 791 802 velocissima,
828 741 905 782 cum
940 742 959 783 a
988 724 1086 804 tergo
1122 741 1221 804 saepe
1256 718 1371 783 hostes

196 824 472 910 aggrederentur,
497 824 661 889 traditum
685 831 737 889 est
769 823 843 909 (cfr.
868 824 977 891 Anab.
1002 825 1057 889 HI
1079 826 1109 909 2,
1139 826 1196 890 37;
1222 813 1371 885 11111000-

197 928 400 1015 φυλακοῖμεν
429 920 455 990 d
461 920 555 1016 ἡμεῖς
591 923 620 991 oi
648 923 798 1015 νεώτεροι
833 925 895 1013 ἐγώ
930 926 986 992 καὶ
1022 925 1201 1011 Τιμασίων.
1238 933 1298 997 cfr.
1321 933 1373 998 IV

200 1038 275 1122 1‚'6.
302 1040 333 1123 2,
353 1040 404 1104 16.
428 1039 497 1104 VH
513 1039 543 1121 3,
559 1035 639 1120 40).
665 1037 778 1124 Atque
796 1061 872 1103 cum
889 1063 930 1104 ex
952 1039 1004 1122 iis,
1024 1039 1083 1124 qui
1099 1062 1118 1103 a
1135 1040 1249 1104 Persis
1265 1041 1371 1104 inter-

198 1144 280 1210 fecti
315 1151 426 1230 erant,
463 1144 605 1210 ducibus
640 1167 728 1209 unus
760 1147 942 1210 Clearchus
970 1146 1219 1232 quinquaginta
1248 1146 1369 1227 (Anah.

197 1253 233 1317 H
256 1254 287 1337 6,
314 1251 383 1337 15),
417 1257 606 1321 ceterorum
629 1250 735 1336 Agias
765 1253 986 1338 Socratesque
1020 1254 1190 1339 tringinta
1221 1254 1372 1338 quinque

197 1359 292 1438 (ibid.
318 1362 337 1438 ξ
362 1360 405 1423 30
429 1366 463 1424 31
487 1355 553 1444 20),
578 1361 754 1425 Proxenus
777 1353 847 1424 non
870 1362 947 1445 plus
971 1383 1072 1446 quam
1094 1360 1241 1446 triginta
1264 1383 1371 1425 annos

197 1467 371 1551 haberent,
396 1467 520 1531 mirum
544 1473 643 1551 esset,
666 1466 946 1553 Xenophontem,
971 1468 1000 1532 si
1021 1467 1246 1552 quadraginta
1262 1490 1368 1532 annos

197 1582 298 1639 natus
334 1581 438 1659 esset,
473 1575 688 1638 iuventutem
724 1573 951 1667 excusandam
986 1572 1132 1638 duxisse.
1190 1574 1371 1639 Probabile

81 1687 84 1690 ⁴
196 1680 306 1768 igitur
345 1704 422 1746 eum
458 1703 589 1766 quoque
624 1680 833 1746 tricesimum
869 1681 957 1746 circa
997 1704 1123 1746 annum
1164 1682 1273 1766 egisse
1315 1683 1372 1746 vel

196 1795 306 1854 aetate
330 1789 503 1873 aliquanto
526 1788 691 1879 minorem
715 1787 822 1852 fuisse
842 1811 942 1874 quam
957 1789 1163 1870 Proxenum;
1198 1812 1277 1852 nam
1294 1812 1372 1853 cum

198 1896 290 1960 illius
315 1895 531 1960 centuriones
555 1896 672 1991 iuveni
695 1895 840 1981 triginta
864 1918 1028 1961 annorum
1051 1895 1210 1961 oboedire
1231 1919 1371 1961 consue-

196 2003 343 2086 vissent,
370 1998 593 2068 excusatione
610 2003 705 2067 nulla
728 2025 811 2088 opus
835 2002 912 2088 fuit,
935 2003 1005 2068 nisi
1028 2002 1140 2067 minor
1162 2010 1245 2067 natu
1270 2010 1370 2067 esset.

198 2111 299 2175 Mitto
322 2111 434 2176 locum
457 2109 567 2176 Anah.
584 2111 635 2176 VI
656 2111 689 2194 4,
713 2110 770 2174 25;
797 2105 952 2194 Ξενοφῶν
975 2102 1112 2195 ἐβοήθει
1137 2104 1193 2170 καὶ
1219 2102 1248 2170 ci
1275 2098 1372 2170 ἄλλοι

200 2209 230 2278 oi
260 2212 353 2301 μέχρι
383 2210 560 2301 τριάκοντα
588 2212 678 2294 ἑτῶν,
708 2240 750 2281 ex
781 2240 846 2302 quo
870 2218 1015 2282 Vaterus
1043 2217 1225 2304 praecipue
1253 2218 1371 2280 Xeno·

198 2324 361 2411 phontem
385 2348 414 2389 a.
438 2325 505 2390 400
528 2308 681 2389 nondum
704 2325 849 2408 triginta
876 2347 982 2390 annos
1006 2330 1124 2389 natum
1147 2323 1253 2389 fuisse
1278 2325 1371 2389 colli-

199 2455 280 2519 gere
314 2432 439 2514 voluit,
463 2418 553 2497 cuin
582 2433 780 2517 Kruegerus
810 2427 883 2513 (Gr.
908 2432 1155 2517 Schulgramm.
1180 2433 1233 2515 50,
1258 2433 1289 2516 4,
1318 2432 1372 2511 ll)

198 2539 468 2604 luculentissima
497 2540 661 2624 quaedam
690 2540 845 2626 exempla
876 2539 1047 2624 attulerit,
1083 2539 1205 2623 quibus
1234 2538 1372 2603 demon·

202 2653 336 2729 stretur,
361 2646 504 2711 verbum
527 2635 626 2720 ἄλλος
648 2669 893 2732 nonnunquam
922 2647 1013 2711 idem
1043 2646 1251 2732 significare,
1282 2646 1373 2729 quod

185 2758 367 2834 ‘praetereo
412 2753 502 2839 apud
546 2753 699 2819 Latinos.
755 2754 892 2819 Nullam
927 2776 1008 2818 vero
1049 2753 1288 2818 difficultatem
1333 2777 1372 2817 ea

202 2884 287 2945 quae
315 2860 424 2926 Anah.
450 2861 520 2926 VII·
545 2861 580 2945 2,
605 2861 648 2924 38
682 2862 843 2946 leguntur
877 2861 1018 2945 habent,
1053 2861 1114 2926 ubi
1149 2861 1292 2926 Seuthes
1331 2859 1373 2924 ad

200 2967 466 3055 Xenophontem
493 2967 701 3033 haecdicit:
727 2962 785 3028 Σοὶ
815 2962 859 3042 δέ,
876 2950 903 3029 ὦ
927 2964 1089 3052 Ξενοφῶν,
1120 2962 1176 3028 καὶ
1205 2961 1373 3051 θυγατέρα

203 3066 312 3150 doloro,
336 3069 393 3134 καὶ
417 3065 513 3147 εἴτίς
541 3067 595 3134 σοι’
619 3069 689 3135 ἐστι
712 3066 877 3159 θυγάτηρ,
914 3065 1082 3160 (ὀνήσομαι
1111 3067 1243 3159 Θρᾳκίῳ
1273 3066 1371 3155 νόμῳ.

203 3183 321 3267 Neque
346 3182 447 3246 enim·
461 3181 654 3266 inauditum
675 3188 773 3266 esset,
798 3183 980 3247 tricenario
996 3183 1148 3247 nubilem
1165 3182 1271 3246 filiam
1288 3205 1371 3266 esse,

203 3313 279 3355 cum
302 3291 434 3376 puellae
459 3288 637 3355 duodecim
661 3313 826 3355 annorum
849 3289 940 3376 apud
960 3291 1107 3356 Graecos
1131 3312 1374 3374 nonnunquam

202 3398 372 3462 nuberent
394 3393 669 3482 (Friedlaender,
699 3397 928 3483 Sittengesch.
952 3398 1058 3462 Roms
1081 3392 1124 3461 Ι5
1146 3420 1179 3482 p.
1197 3398 1263 3460 504
1287 3396 1373 3481 sqq.)

204 3505 338 3589 virique
362 3504 603 3590 duodeviginti
623 3529 728 3571 annos
750 3506 824 3570 nati
849 3527 970 3570 uxores
999 3504 1161 3569 ducerent
1183 3502 1372 3588 (Demosth.

203 3635 250 3693 or.
267 3612 323 3676 XI
337 3612 360 3676 4
374 3633 406 3697 p.
427 3612 523 3676 1009.
548 3614 647 3676 Paua.
672 3613 723 3677 IV
742 3614 791 3697 19,
814 3610 851 3696 4)
874 3635 984 3697 neque
1009 3618 1061 3676 est
1083 3634 1141 3676 our
1162 3611 1374 3696 Xenophon-

203 3726 273 3783 tem
301 3725 378 3805 post
406 3718 548 3783 duorum
577 3718 648 3783 fere
679 3742 845 3784 annorum
880 3720 1021 3784 militias
1058 3719 1179 3784 Seuthi
1213 3719 1375 3783 maiorem

204 3832 288 3890 natu
311 3826 424 3890 visum
448 3849 520 3891 esse
543 3849 718 3912 negemus,
744 3850 845 3913 quam
869 3834 950 3911 erat,
975 3850 1085 3911 neque
1109 3826 1246 3891 omnino
1270 3825 1376 3890 filiam

313 4021 339 4088 1)
376 4019 463 4074 Nulla
481 4019 516 4073 de
535 4026 629 4075 aetate
647 4019 848 4092 Xenophontis
867 4020 1010 4075 dubitatio
1030 4026 1113 4089 esset,
1137 4020 1162 4074 si
1186 4018 1376 4091 Chirisophns

204 4127 288 4181 quem
302 4115 365 4162 tum
378 4126 486 4163 annum
502 4109 602 4180 egerit,
622 4109 669 4163 ille
689 4115 952 4180 commemorasset;
982 4127 1014 4164 eo
1041 4109 1118 4163 3111111
1144 4110 1285 4164 minorem
1304 4116 1376 4163 natu

205 4217 236 4253 se
255 4196 344 4252 fuisse
363 4197 432 4251 dicit
450 4198 601 4255 Anablll
619 4200 644 4268 4,
663 4200 711 4252 42.“
728 4230 759 4236 -
779 4199 866 4253 Mitto
885 4199 980 4252 locum
999 4198 1132 4252 Anab.11
1153 4201 1176 4268 1,
1199 4201 1240 4268 12,
1266 4199 1376 4269 dequo

204 4287 347 4342 uberrime
364 4288 532 4359 Kruegerus
555 4287 623 4359 egit,
643 4306 707 4342 cum
720 4288 751 4341 in
765 4287 880 4358 optimis
893 4286 1037 4342 codicibus
1056 4287 1083 4340 A
1093 4288 1117 4341 B
1129 4288 1150 4342 0
1160 4288 1185 4340 Ε
1206 4307 1263 4341 non
1277 4288 1375 4341 Xeno-

77 4372 146 4544 *
179 4419 182 4425 .
204 4377 322 4453 phontis
341 4395 454 4446 nomen,
474 4378 525 4432 sed
542 4377 721 4448 Theopompi
739 4377 854 4447 legatur
872 4375 935 4447 (cfr.
956 4376 1089 4432 Dindorf.
1109 4377 1174 4431 adn.
1194 4378 1277 4431 adh.
1297 4376 1335 4447 h).
