2880 4852
690 190 904 253 -90-

209 373 303 431 strat.
343 368 463 452 Itaque
487 389 564 431 oum
588 389 807 453 quaecunque
831 368 920 454 apud
943 370 1064 433 Persas
1088 369 1125 432 in
1141 368 1237 454 peius
1254 374 1387 433 mutata

209 473 304 559 dicit,
330 497 369 538 ea
392 475 506 539 omnia
522 473 718 561 Xenophon
741 475 878 561 regibus
902 475 988 541 vitio
1008 482 1129 560 vertat,
1147 476 1206 561 qui
1229 477 1387 563 exemplo

208 603 268 647 suo
292 582 468 668 populum,
491 589 530 646 ut
554 582 695 647 abonis
719 584 883 648 maiorum
906 583 1075 648 institutis
1099 582 1290 668 recederet,
1328 583 1385 648 de-

210 688 412 773 duxissent,x
426 688 580 775 epilogus
617 690 857 756 cumconsilio
883 690 1115 777 Cyropaediae
1149 713 1219 755 non
1242 697 1385 777 pugnat.

208 797 327 881 Neque
352 801 412 880 est,
438 818 497 860 1111
521 819 607 880 eum,
633 797 691 881 qui
713 820 774 883 per
796 803 907 862 totum
928 797 1054 862 librum
1068 820 1138 863 non
1153 797 1253 880 modo
1269 821 1388 883 regem

150 930 155 940 ’
210 904 348 987 Cyrum,
374 903 433 968 sed
457 926 574 968 omnes
590 905 711 969 Persas
736 905 888 969 omnium
907 905 1079 970 uirtutum
1094 906 1191 970 velut
1214 906 1388 992 exempla-

208 1010 259 1075 ria
283 1010 478 1097 descripsit,
516 1017 666 1076 extremo
700 1011 787 1076 libro
823 1011 1124 1077 demonstrandum
1157 1011 1224 1077 sibi
1246 1020 1389 1098 putasse

210 1141 385 1203 negemus,
413 1119 496 1183 talia
519 1119 677 1204 aPersiS,
702 1119 817 1204 quales
837 1120 949 1212 ,ipsius
965 1126 1075 1185 aetate
1092 1126 1215 1204 essent,
1239 1121 1389 1185 multum

210 1225 398 1291 abhorrere.
1224 1216 1226 1222 ¹

316 1333 435 1418 Itaque
459 1355 583 1417 eorum,
609 1333 668 1418 qui
691 1357 711 1398 a
725 1334 955 1420 Xenophonte
979 1334 1243 1400 abiudicandum
1258 1341 1388 1421 putant

211 1441 397 1527 epilogum,
421 1440 609 1505 rationibus
621 1436 645 1520 ¹)
669 1441 755 1505 mihi
778 1440 824 1524 id,
850 1441 939 1526 quod
961 1442 1160 1525 voluerunt,
1185 1464 1390 1528 persuasum

210 1571 280 1613 non
316 1553 382 1632 est,
417 1548 617 1633 praesertim
648 1572 725 1613 oum
747 1571 817 1613 non
844 1548 943 1614 modo
972 1548 1013 1613 ab
1040 1548 1192 1634 homine,
1217 1550 1276 1634 qui
1306 1572 1390 1614 suae

211 1655 332 1721 aetatis
355 1656 535 1720 Persarum
559 1679 669 1720 mores
692 1657 837 1721 interius
862 1657 1018 1742 cognitos
1042 1655 1170 1740 habuit,
1195 1655 1260 1721 hoc
1285 1664 1390 1743 eaput

212 1763 376 1849 scriptum
393 1785 464 1827 esse
481 1763 647 1848 videatur,
672 1763 732 1828 sed
748 1764 851 1828 etiam
867 1764 904 1828 in
922 1786 960 1828 eo
976 1763 1085 1828 insint
1101 1763 1275 1849 quaedam,
1301 1787 1389 1849 quae

211 1876 249 1935 ut
273 1893 292 1934 a
308 1870 540 1956 Xenophonte
557 1871 722 1957 seriptum
738 1894 811 1936 esse
828 1870 1025 1954 iudicemus,
1050 1870 1190 1935 suadere
1214 1870 1389 1956 videntur,

212 1978 307 2043 velut
329 1979 453 2064 pietas,
479 2001 586 2063 quaa
611 1977 677 2042 diis
702 1984 736 2042 et
758 1979 926 2064 religione
950 1977 1148 2064 disputandi
1171 1977 1313 2042 initium
1337 1978 1387 2063 fit,

213 2091 247 2150 et
270 2078 464 2166 σεμνολογία
489 2087 520 2165 (ξ
544 2081 677 2169 10.11),
703 2108 788 2170 quae
811 2085 1027 2170 Athenaeum
1051 2085 1093 2150 ad
1117 2107 1265 2150 errorem
1290 2086 1388 2150 illum

211 2192 392 2258 ridiculum
417 2192 561 2275 seduxit,
586 2199 625 2257 ut
648 2185 830 2276 προχοίδας
854 2190 887 2275 (ξ
914 2191 969 2274 10)
993 2185 1128 2265 κύλικας
1152 2215 1225 2257 1111
1249 2198 1389 2279 putaret

212 2298 351 2385 (Athen.
377 2300 432 2363 XI
454 2300 542 2380 496).
574 2299 747 2385 Imprimis
768 2307 882 2365 autem
906 2300 1070 2386 epilogus,
1096 2299 1125 2364 si
1142 2299 1388 2397 suppositicius

212 2414 310 2492 11111,
334 2406 433 2472 brevi
455 2407 523 2471 iam
547 2413 698 2493 tempore
721 2414 800 2494 post
816 2407 1059 2494 Xenophontis
1083 2413 1226 2471 mortem
1249 2406 1388 2471 additus

212 2538 294 2604 esse¹
310 2513 458 2579 deberet.
505 2515 614 2579 Nemo
642 2515 734 2578 enim
765 2514 1067 2600 vigintiquinque
1091 2513 1162 2578 fere
1188 2513 1288 2577 annis
1312 2519 1389 2600 post

212 2621 457 2708 Xenophontis
474 2628 618 2686 mortem
634 2620 812 2708 opprobria
828 2621 865 2685 in
880 2643 980 2707 reges
995 2623 1180 2685 ¹Persarum
1205 2642 1389 2707 congerere

212 2730 339 2816 potuit,
374 2752 451 2796 eum
474 2728 562 2793 nulli
585 2729 653 2803 iam
675 2751 773 2815 reges
798 2736 926 2812 essent,
962 2751 1071 2813 neque
1096 2728 1203 2812 siquis
1227 2727 1291 2793 hoc
1315 2729 1388 2793 ani-

213 2860 306 2902 mum
330 2836 530 2921 induxisset,
568 2836 750 2921 quominus
774 2858 813 2902 eo
837 2835 1034 2904 testimonio
1057 2839 1210 2900 uteretur
1233 2834 1390 2900 abstinu-

213 2946 312 3029 isset,
348 2944 438 3029 quod
474 2944 625 3008 omnium
648 2943 741 3008 illius
766 2943 887 3008 aetatis
917 2944 1124 3009 Graecorum
1158 2949 1237 3007 ante
1274 2944 1390 3008 oculos

215 3058 301 3136 erat,
335 3051 525 3117 Alexandri
554 3051 674 3136 Magni
697 3050 797 3116 rebus
820 3051 928 3136 gestis
951 3050 1199 3135 Persarumque
1225 3049 1391 3116 cladibus

216 3158 441 3238 Quamobrem
464 3158 697 3223 Beohhausius
726 3158 781 3238 (de
804 3157 1057 3244 Xenophonteo
1081 3157 1139 3242 qui
1163 3156 1272 3221 fertur
1296 3156 1392 3242 Age-

215 3267 299 3332 silao
315 3290 347 3353 p.
365 3265 420 3345 65)
445 3265 616 3352 epilogum
632 3266 750 3352 nepoti
763 3265 1014 3352 Xenophontis
1040 3264 1164 3329 editori
1187 3264 1394 3349 scriptorum

215 3375 272 3439 avi
295 3397 314 3438 a
338 3396 374 3438 11
397 3373 477 3438 ficto
501 3373 633 3458 tribuit,
658 3373 699 3437 de
721 3395 786 3457 quo
803 3373 895 3437 infra
908 3373 976 3443 erit
992 3372 1173 3458 agendum.
1206 3372 1395 3436 Neminem

215 3504 296 3547 vero
321 3481 545 3547 Schenkelius
569 3481 812 3546 assentientem
834 3479 983 3564 habebit,
1008 3479 1068 3564 qui
1092 3502 1169 3543 eum
1192 3501 1293 3564 quern
1318 3480 1395 3544 Xe-

215 3589 353 3676 nophon
377 3588 524 3676 scripsit,
550 3588 722 3674 epilogum
745 3586 961 3673 deperditum
981 3610 1054 3651 esse
1076 3586 1247 3671 aliumque
1264 3608 1394 3672 suppo-

217 3697 368 3761 sitioium
392 3720 411 3761 a
433 3697 532 3762 nobis
555 3696 625 3780 legi
649 3695 826 3760 contendit
850 3692 885 3777 (l.
909 3696 931 3759 1.
957 3701 991 3759 11
1013 3695 1104 3759 Xen.
1127 3692 1223 3759 stud.
1246 3693 1282 3757 Π
1302 3693 1393 3778 145),

325 3909 352 3975 1)
388 3907 510 3962 Illorum
529 3907 708 3978 argumentis
726 3908 793 3962 addi
811 3913 914 3979 potest,
934 3907 1009 3977 quod
1028 3905 1175 3978 prooemio
1194 3903 1398 3976 Cyropaediae

217 3998 323 4072 plurali
352 3997 532 4051 maiestatico
558 3997 722 4068 Xenophon
749 3997 849 4066 utitur,
878 3995 941 4066 (cfr.
969 3996 1152 4067 potissimum
1176 3995 1191 4064 ἓ
1211 3993 1248 4064 6),
1276 3993 1396 4066 epilogo

217 4086 361 4160 singulari
381 4087 476 4142 forma
495 4086 522 4155 (ξ
543 4088 596 4153 17).
628 4087 668 4141 At
687 4086 865 4157 prooemium
884 4086 1049 4158 Xenophon
1068 4103 1127 4139 non
1146 4102 1212 4138 cum
1232 4100 1307 4154 opus
1327 4101 1396 4138 con-

218 4178 326 4233 fectum
345 4177 473 4247 haberet,
493 4175 641 4247 scripsisse
659 4176 782 4246 videtur,
802 4178 852 4231 sed
871 4194 936 4230 oum
955 4176 1170 4247 aggrederetur.
1192 4205 1223 4211 —
1243 4173 1396 4228 Plura-lem

218 4266 432 4322 maiestatioum
452 4271 566 4338 praeter
586 4266 689 4338 Cyrop.
708 4265 724 4319 I
742 4265 819 4338 apud
837 4265 1061 4337 Xenophontem
1089 4282 1148 4319 non
1176 4262 1233 4317 nisi
1261 4262 1294 4317 in
1320 4263 1396 4318 libro

220 4357 255 4411 de
273 4373 304 4410 11
323 4356 451 4428 equestri
469 4355 574 4438 legisse
592 4355 710 4410 memini
735 4356 776 4424 (π.
796 4348 866 4410 Ἱππ.
885 4354 901 4408 Ι
921 4355 935 4407 1
955 4352 1027 4425 sqq).
