2880 4852
607 186 824 255 -13-.

130 366 403 454 proficisceretur
445 369 605 433 iuvenem
648 367 829 433 admodum
872 367 978 432 fuisse
1021 368 1105 433 adeo
1151 373 1300 456 apparet,
1339 445 1388 465 s,
1427 435 1430 438 ,

130 481 170 539 111
194 474 254 540 illo
277 462 434 562 tempore
453 475 730 560 neutricesimum
753 475 896 559 ‚quidem
925 475 1046 540 aetatis
1074 497 1201 540 annum
1224 499 1302 540 con-

130 581 259 648 fectum
282 581 441 647 habuisse
463 583 630 648 videatur.
668 582 766 659 Quod
788 583 918 668 primus
942 580 1083 646 fortasse
1106 583 1303 648 Athenaeus

130 689 221 754 vidit
244 686 318 772 (1.1.
343 691 375 756 V
398 712 429 775 p.
456 691 520 753 216
544 689 588 772 d),
625 696 742 753 nostra
777 688 900 754 deinde
940 695 1049 754 aetate
1085 689 1203 754 eadem
1238 689 1304 754 sibi
1340 672 1344 717 1

130 802 373 883 persuaserunt
415 797 595 861 Forsterus
635 796 680 866 ,in
723 796 923 882 Spelmanni
960 795 1155 861 Anabaseos
1198 797 1303 861 inter·
1368 813 1369 816 ’

131 903 327 989 pretatione
362 902 510 987 Anglica
545 901 619 982 (cfr.
648 903 799 968 Fabricii
832 901 922 968 Bibl.
948 903 1006 967 Gr.
1031 903 1085 969 HI
1111 928 1144 990 p.
1173 903 1204 987 13
1230 903 1304 989 ipse

129 1010 256 1076 librum
290 1033 360 1076 non
394 1009 495 1093 vidi),
530 1009 720 1074 Larcherus
755 1008 879 1094 (Anah.
918 1009 1060 1096 interpr.
1091 1010 1302 1096 Francogall.

129 1116 237 1182 Paris
265 1117 349 1182 1777
373 1138 404 1201 p.
419 1116 496 1195 560)
520 1139 677 1183 necnon
698 1117 885 1182 Voltairius
909 1116 1158 1197 (Dictionnaire
1182 1117 1303 1204 philos.

130 1246 157 1289 6.
182 1246 215 1288 v.
239 1223 432 1309 Xenophon
450 1253 489 1274 =
504 1225 627 1290 Oeuvr.
652 1224 703 1289 ed.
728 1248 797 1290 rev.
814 1223 911 1288 Paris
930 1224 1015 1288 1879
1032 1231 1056 1288 t.
1073 1225 1148 1288 XX
1163 1248 1195 1311 p.
1214 1221 1303 1307 399).

131 1331 256 1395 Fusius
281 1330 322 1394 de
346 1331 408 1396 hac
428 1354 465 1395 16
488 1331 749 1418 disputaverunt
765 1332 893 1418 primus
927 1330 1123 1420 Mitfordius
1141 1331 1244 1412 (Hist.
1270 1330 1310 1396 of

132 1439 262 1503 Greece
288 1439 339 1503 IV
362 1437 451 1523 329),
486 1438 610 1503 deinde
633 1441 778 1506 Vaterus
812 1439 865 1519 (N.
895 1439 1013 1504 Jahrb.
1044 1445 1067 1504 t.
1098 1438 1207 1525 suppl.
1232 1438 1305 1501 XII

131 1540 189 1627 85)
225 1551 259 1609 et
293 1545 440 1611 Cobetus
476 1544 577 1630 (Nov.
613 1546 708 1611 Lect.
744 1569 777 1631 p.
807 1546 882 1612 534.
912 1546 998 1629 756),
1035 1567 1117 1630 quos
1153 1544 1306 1630 sequitur

133 1652 274 1717 Grotius
311 1650 448 1736 (Platon
483 1660 545 1718 etc.
576 1654 630 1719 IH
665 1653 752 1732 564).
789 1652 920 1717 Eadem
956 1674 1035 1717 vero
1068 1674 1192 1737 paucos
1228 1659 1305 1716 aute

133 1781 240 1824 annos
264 1766 358 1825 trans
375 1761 547 1826 Oceanum
569 1783 601 1824 v.
620 1760 651 1825 d.
672 1760 733 1825 Oh.
751 1759 872 1825 Morris
889 1759 1060 1841 disseruit,
1086 1758 1141 1822 cui
1169 1759 1305 1823 1116111111

133 1889 337 1952 quemquam
366 1869 480 1953 legere
510 1866 655 1936 facultas
681 1853 759 1932 ¹non
787 1866 854 1931 fuit
889 1864 1143 1950 (Transactions
1179 1864 1218 1930 of
1245 1865 1304 1930 the

131 1973 315 2039 American
339 1973 559 2060 philological
582 1974 798 2040 Association
823 1974 910 2039 1874
932 1998 964 2061 p.
989 1971 1057 2057 82).
1095 1972 1201 2038 Ρ61116
1224 1995 1305 2037 vero

133 2085 244 2145 aetate
258 2103 335 2145 eum
347 2083 594 2169 provectiorem
610 2081 716 2146 fuisse
727 2081 872 2168 Bergkii
885 2081 1056 2145 sententia
1069 2085 1121 2145 est
1138 2079 1259 2159 (Erech
1271 2102 1304 2145 u.

132 2187 238 2253 Grub.
254 2211 279 2253 s.
293 2188 319 2252 Ι.
333 2194 358 2253 1.
372 2191 414 2253 81
428 2212 459 2275 p.
472 2185 562 2273 391),
583 2211 726 2273 quocum
748 2189 967 2253 consentiunt
978 2211 1034 2252 vv.
1048 2187 1104 2253 dd.
1118 2189 1157 2252 Ε.
1166 2186 1305 2252 Curtius

131 2292 206 2375 (Gr.
216 2295 339 2361 Gesch.
351 2291 423 2360 111⁵
435 2296 522 2380 793),
535 2296 714 2381 Gleiniger
725 2295 1038 2381 (DeXenophontis
1052 2295 1138 2359 libro
1152 2317 1182 2380 q.
1197 2285 1302 2377 Πόροι

130 2402 271 2467 inscrib.
295 2425 327 2488 p.
353 2403 417 2485 35),
442 2404 553 2467 Zeller
576 2399 717 2485 (Phnos.
744 2402 775 2467 d.
801 2401 937 2468 Griech.
961 2402 1006 2465 H.
1035 2395 1079 2465 13
1105 2399 1191 2485 199).

240 2508 354 2594 Atque
388 2510 548 2574 iuvenem
586 2509 692 2573 fuisse
730 2509 1019 2595 Xenophontem,
1060 2531 1137 2574 cum
1177 2509 1305 2594 Cyrum

132 2622 339 2702 sequeretur,
364 2639 405 2680 ex
430 2640 469 2682 eo
493 2617 575 2681 satis
600 2624 751 2703 apparet,
788 2616 979 2702 quodcum
1007 2616 1176 2701 prioribus
1201 2617 1304 2681 Grae-

135 2745 251 2788 corum
275 2721 423 2789 ducibus
441 2724 516 2789 dolo
540 2748 560 2788 a
581 2724 695 2788 Persis
720 2724 862 2792 sublatis
886 2730 990 2789 noctu
1014 2723 1056 2787 de
1078 2746 1113 2787 66
1131 2723 1204 2808 ipso
1221 2723 1306 2787 duce

133 2831 273 2896 Graecis
296 2831 467 2896 offerendo
492 2833 628 2917 cogitet,
659 2831 847 2896 iuventutis
872 2830 1034 2916 cogitatio
1059 2831 1091 2893 ei
1112 2830 1306 2914 scrupulum
1387 2872 1389 2896 ÷

133 2938 246 3023 inicit,
280 2961 380 3023 quem
403 2938 542 3003 tandem
566 2938 632 3002 sibi
655 2938 728 3023 ipse
757 2938 805 3002 ita
829 2938 961 3021 evellit,
993 2944 1032 3001 ut
1059 2937 1165 3001 dicat:
1202 2929 1307 2996 ποίαν
1384 2950 1387 3033 s

134 3034 266 3128 ἡλικίαν
289 3040 419 3126 ἐμαυτῷ
443 3040 554 3106 ἐλθεῖν
578 3034 755 3122 6116116116,-
786 3034 822 3105 ob
840 3037 899 3128 γὰρ
922 3035 1021 3125 ἔγωγε
1044 3036 1093 3103 ἔτι
1125 3034 1305 3126 accubaba-
1384 3076 1386 3094 ε

133 3172 189 3234 ρος
212 3143 340 3230 ἔσομαι,
365 3145 422 3212 ἐὰν
437 3144 576 3236 τήμερον
591 3147 708 3235 προδῶ
724 3144 864 3229 ἐμαυτὸν
883 3151 955 3224 τοῖς
976 3143 1153 3228 πολεμίοις
1181 3147 1304 3233 (Anab.

133 3259 188 3322 ΙΠ
213 3261 242 3343 1,
263 3256 327 3344 14),
352 3266 385 3323 61
401 3259 491 3345 quod
508 3261 607 3345 paulo
628 3265 707 3345 post
723 3258 813 3344 apud
829 3259 978 3323 Proxeni
995 3258 1209 3329 centuriones
1227 3279 1304 3321 con-

133 3366 269 3431 tionans
286 3389 322 3431 se
338 3372 483 3431 aetatem
499 3389 568 3431 non
585 3373 821 3431 excusaturum
839 3389 912 3430 6666
929 3365 1022 3448 dicit,
1040 3364 1099 3428 sed
1111 3363 1302 3451 imperium,

133 3473 163 3537 si
186 3474 378 3556 offerretur,
410 3479 626 3560 accepturum
650 3466 691 3552 (ei
720 3462 747 3532 ὃ)
778 3463 870 3550 ὑμεῖς
897 3463 1031 3532 reineri
1069 3492 1110 3550 με
1138 3461 1305 3555 ἡγεῖσθαι,

134 3569 227 3640 οὐδὲν
251 3573 505 3664 προφασίζομαι
528 3573 587 3664 τὴν
609 3569 756 3664 ἡλικίαν,
792 3569 877 3638 ἀλλὰ
901 3574 956 3639 καὶ
981 3568 1139 3656 ἀκμάζειν
1162 3567 1305 3662 ἡγοῦμαι

133 3679 258 3770 ἐρύκειν
282 3676 487 3766 ἀπ’ἐμοοτοῦ
502 3679 544 3747 τοὶ
567 3679 662 3752 κακά.
687 3681 1023 3771 Anab.1111,25).1)
1046 3684 1200 3770 Accedit,
1217 3665 1307 3769 quod

250 3846 278 3912 1)
314 3845 445 3900 Neminie
463 3863 613 3899 assensum
631 3845 846 3916 spelmannum,
865 3843 1032 3898 Anabaseos
1051 3843 1305 3913 interpretatorem

132 3934 298 4005 Anglicum,
327 3935 454 3988 laturum
478 3952 539 3988 esse
559 3933 700 4003 existimo,
730 3935 778 4004 qui
802 3935 1026 4005 Xenophontem
1054 3937 1207 4004 propterea
1234 3950 1305 3985 num

133 4024 235 4078 ducem
254 4041 285 4078 se
303 4022 419 4078 offerret
438 4023 568 4078 dubitare
587 4023 665 4092 dicit,
685 4024 761 4093 quod
771 4023 863 4077 maior
875 4028 946 4077 natu
960 4028 1042 4092 esset,
1063 4040 1149 4092 quam
1163 4020 1212 4091 qui
1225 4020 1306 4073 ducis

133 4113 239 4169 officiis
251 4113 430 4184 fungeretur,
448 4130 540 4183 neque
552 4113 646 4184 magis
659 4114 843 4189 Kruegerpm
862 4113 954 4180 (Stud.
968 4132 995 4184 p.
1009 4110 1072 4180 272)
1092 4111 1140 4182 qui
1153 4115 1302 4181 propterea

132 4202 315 4258 iuventutem
333 4221 351 4257 6
368 4202 565 4274 Xenophonte
589 4209 756 4257 excusatam
780 4220 841 4257 esse
864 4207 956 4273 putat,
985 4200 1061 4272 quod
1085 4199 1208 4274 maiores
1233 4203 1305 4251 natu

133 4291 299 4362 affuissent,
322 4297 457 4347 neutrum
476 4291 552 4346 enim
572 4291 627 4346 viri
647 4291 899 4362 quadragesimum
917 4296 1053 4361 quartum
1072 4288 1176 4342 aetatis
1196 4306 1305 4343 annum

135 4381 249 4452 agentis
269 4386 321 4435 est.
