2880 4852
683 303 725 341 „-
773 267 837 331 104
883 303 924 337 --‚

217 443 327 529 magis
361 442 568 511 rhetoricum
606 467 708 531 quam
741 445 779 510 in
817 444 938 511 ceteris
972 444 1213 531 Xenophontis
1253 445 1392 532 seriptis

217 549 340 634 (Blass,
376 552 449 617 Att.
485 551 623 617 Bereds
657 552 694 617 II
716 576 749 639 p.
773 550 863 636 447),
904 575 981 617 6661
1003 552 1090 618 61166
1126 575 1234 617 sermo
1274 552 1395 619 (166661

216 658 567 744 116666111616616616,
592 660 677 725 61166
694 660 972 746 disputationem,
997 660 1083 725 alius
1100 658 1392 726 declamationem.

217 767 336 852 Neque
374 756 527 852 magis','
547 790 632 852 quae
670 790 796 834 avere
828 767 1046 833 abhorrentia
1082 768 1245 854 leguntur
1287 768 1392 853 Ages.

217 874 287 940 VH
312 875 339 939 1.
370 875 404 957 6,
440 874 477 939 Χ
500 870 553 954 41)
588 874 773 962 premenda
800 882 895 960 sunt,
926 898 1002 940 cum
1030 875 1112 940 talia
1136 875 1394 940 declamationis

217 981 375 1068 scriptori
398 982 472 1047 dari
494 982 636 1069 possint,
669 982 729 1068 661
751 983 789 1047 16
804 983 914 1048 maius
936 983 1079 1068 extollit,
1105 1005 1190 1068 6666
1212 981 1393 1066 laudanda,

216 1090 351 1174 minuit,
377 1112 462 1176 quae
485 1090 714 1175 vituperanda
736 1113 809 1182 esse
832 1090 996 1156 videntur
1024 1090 1140 1176 (quare
1163 1089 1395 1155 Mantinensis

217 1219 353 1283 pugnae
389 1198 527 1263 omnino
550 1198 748 1263 memoriam
781 1221 851 1264 666
886 1193 1008 1282 faciti).
1057 1197 1126 1262 Sed
1159 1197 1278 1284 inepta
1313 1203 1396 1262 6661

219 1308 321 1389 61666
352 1303 513 1385 absurda,
549 1325 634 1388 quae
658 1303 813 1389 Agesilai
847 1305 991 1392 scriptor
1018 1311 1133 1370 narrat
1156 1305 1188 1370 V
1214 1305 1246 1369 1:
1282 1299 1395 1383 διμοι-

221 1403 295 1494 ρίαν
318 1430 353 1491 με
374 1401 439 1495 μὴν
462 1401 638 1490 λαμβάνων
670 1404 704 1470 ἐν
735 1410 808 1484 ταῖς
832 1404 966 1486 θοίναις
990 1401 1047 1489 οὐχ
1071 1401 1165 1486 ὅπως
1188 1400 1395 1496 ἀμφοτέραις

222 1511 346 1603 ἐχρῆτο,
382 1506 467 1578 ἀλλὰ
491 1511 695 1596 διαπέμπων
730 1506 901 1602 οὐδετέραν
935 1507 1024 1600 αὑτῷ
1058 1496 1268 1595 λατέλειπεν,
1308 1541 1395 1604 6666

220 1625 250 1690 61
272 1647 354 1690 vera
378 1631 491 1691 essent
515 1662 556 1670 —
579 1647 652 1691 non
675 1625 768 1690 enim
790 1617 955 1699 πολλάκις
978 1633 1036 1690 661
1059 1627 1127 1690 1616
1143 1625 1274 1710 aliquid
1298 1626 1395 1691 addi-

220 1732 273 1799 dit
295 1733 353 1797 1116
371 1769 412 1776 -
428 1732 608 1818 Agesilaus
625 1732 714 1798 fame
731 1731 905 1824 confectus
923 1738 1012 1798 esset
1035 1729 1110 1817 (cfr.
1126 1734 1254 1819 Haupt.
1267 1732 1394 1798 Philol.

222 1840 317 1923 1848,
336 1834 442 1919 546²).
489 1840 585 1905 Idem
613 1863 694 1906 vero
727 1839 960 1926 amplificandi
994 1848 1028 1906 61
1060 1840 1208 1926 augendi
1243 1840 1396 1906 studium

220 1945 488 2032 deprehenditur
503 1948 572 2014 VH
587 1947 618 2032 ὅ,
641 1947 702 2012 ubi
726 1947 843 2012 decem
858 1947 929 2012 fere
945 1947 1040 2012 milia
1055 1946 1205 2013 hostium
1225 1947 1263 2012 16
1278 1969 1396 2034 pugna

154 2050 158 2058 ’
220 2053 310 2139 apud
334 2053 537 2119 Corinthum
561 2055 740 2119 commissa
762 2054 889 2120 occisos
917 2077 990 2119 esse
1013 2053 1118 2120 tradit
1146 2046 1253 2138 (ἐμνδς
1282 2046 1395 2138 μύριοι

219 2159 285 2220 τῶν
308 2148 523 2246 ἀντιπάλων),
548 2183 626 2226 cum
647 2161 818 2227 Diodorus
840 2161 929 2229 XIV
944 2162 987 2226 83
1013 2160 1078 2226 (166
1101 2162 1197 2226 milia
1217 2161 1395 2246 octingen-

36 2306 39 2313 -
110 2259 114 2265 ⁴
220 2273 273 2332 tos
297 2266 496 2333 interfectos
521 2291 594 2333 6666
617 2267 738 2333 tradat.
787 2269 861 2346 Qua
884 2269 922 2333 in
943 2290 980 2333 re
999 2269 1269 2334 luculentissime
1293 2292 1395 2355 appa-

220 2396 295 2439 rere
319 2374 495 2460 existimo,
519 2374 674 2462 Agesilai
698 2375 898 2463 scriptorem
919 2399 940 2440 a
961 2376 1193 2462 Xenophonte
1221 2376 1397 2441 diversum

220 2504 308 2565 esse;
335 2505 412 2547 oum
436 2482 528 2575 enim
551 2482 609 2546 ille
632 2483 670 2547 in
684 2483 874 2549 Hellenicis
898 2479 1123 2567 παμπληθεῖς
1145 2482 1211 2544 τῶν
1226 2475 1397 2562 πολεμίων

221 2589 323 2669 (Η611.
348 2589 399 2656 IV
422 2591 452 2676 3,
480 2587 512 2672 1)
536 2590 664 2654 6661666
699 2613 772 2655 6666
800 2590 956 2677 legisset,
992 2613 1051 2655 666
1086 2590 1227 2656 arbitrio
1260 2582 1397 2673 μυρίους

221 2697 411 2763 substituit.
457 2697 524 2762 Tot
547 2719 628 2763 vero
652 2697 768 2762 hostes
797 2697 828 2762 si
850 2696 1041 2783 interfecti,
1075 2720 1186 2784 neque
1210 2697 1395 2784 pauciores,

221 2789 264 2868 id
292 2801 382 2891 quod
416 2804 492 2870 fieri
526 2805 627 2890 solet,
661 2805 834 2871 vulnerati
869 2811 997 2890 666661,
1033 2829 1076 2870 ex
1109 2827 1233 2891 magno
1261 2806 1398 2873 illorum

99 2891 105 2902 ⁸
222 2912 375 2989 exercitu
398 2934 467 2977 non
490 2913 566 2998 plus
583 2936 684 2999 quam
700 2933 759 2977 sex
774 2911 870 2977 milia
886 2913 1035 2977 militum
1059 2913 1245 2978 incolumes
1270 2914 1397 2978 evasis-

222 3014 342 3104 66613).
377 3020 499 3106 116666
522 3042 592 3085 666
609 3020 737 3104 dubito,
762 3019 846 3106 quin
868 3043 938 3086 non
954 3019 1053 3085 modo
1069 3020 1217 3107 primum
1237 3021 1397 3085 alterum-

223 3150 287 3212 que
304 3134 406 3214 caput
429 3125 460 3210 (I
477 3128 597 3192 6-111
614 3122 657 3213 1),
681 3126 743 3192 sed
765 3134 858 3193 16166
873 3127 961 3192 liber
984 3151 1004 3192 a
1018 3127 1249 3214 Xenophonte
1266 3127 1397 3192 alienus

222 3234 278 3300 sit.
312 3235 1007 3321 (166666116666661116611666661661661
1034 3258 1062 3300 a.
1088 3235 1152 3299 357
1178 3231 1271 3318 (ante
1296 3257 1398 3320 quem

222 3362 350 3418 annum
365 3342 545 3407 Hellenioa
557 3341 710 3408 confecta
726 3365 881 3408 essenon
896 3339 1053 3429 possunt)
1070 3347 1196 3407 etanta
1209 3341 1399 3407 Alexandri

331 3555 358 3623 1)
377 3553 436 3609 VH
455 3556 484 3608 l:
503 3546 535 3607 οὗ
555 3552 645 3625 σῶμα,
666 3546 698 3606 οὗ
714 3552 801 3624 γῆρας
814 3547 1035 3624 προῦφ(ισίζετο,’“
1049 3546 1121 3606 ὅπου
1134 3544 1200 3622 ᾤετο
1213 3545 1260 3620 τὴν
1273 3552 1398 3625 πατρίδιι

223 3635 383 3714 ὠφελήσειν,
404 3662 471 3698 eum
488 3643 564 3698 Hell.
584 3645 611 3699 V
629 3644 655 3712 4,
676 3644 709 3697 13
728 3643 892 3715 Xenophon
912 3661 979 3698 eum
997 3661 1023 3697 a.
1043 3644 1096 3698 379
1115 3647 1294 3698 senectutem
1312 3661 1398 3698 excu-

222 3751 301 3789 sasse
319 3733 435 3790 referat.
456 3763 488 3771 -
508 3733 594 3804 Agea
614 3734 672 3789 VII
685 3735 714 3789 6:
734 3726 784 3786 οὖν
802 3723 882 3799 ἤθελε
902 3726 1086 3803 προσβάλλειν
1098 3731 1130 3804 τῇ
1149 3729 1212 3804 [τῶν
1225 3729 1397 3804 Κορινθίων]

223 3817 302 3877 πόλει
313 3843 377 3878 eum
388 3840 424 3878 ex
433 3823 509 3878 Hell.
519 3822 562 3878 IV
571 3824 596 3890 5,
606 3824 624 3877 3
634 3840 700 3878 eum
709 3823 765 3878 hoc
774 3823 869 3877 faeere
881 3823 1014 3895 nequisse
1024 3827 1171 3893 appareat.
1184 3851 1216 3860 —
1230 3821 1317 3893 Ages.
1328 3822 1358 3876 X
1367 3823 1398 3876 4:

224 3906 395 3985 ἀφικόμενος
409 3911 440 3965 δὲ
455 3913 501 3964 aa
516 3903 546 3964 τὸ
560 3905 696 3984 μήκιστον
706 3906 885 3983 ἀνθρωπίνου
901 3911 999 3970 αἰῶνος
1013 3904 1204 3982 ἀναμάρτητος
1218 3904 1397 3977 ἐτελεύτησεν.

329 4001 358 4072 2)
376 4001 513 4057 Imitatus
532 4007 576 4056 661
594 4002 718 4074 scriptor
736 4001 803 4056 Lac.
822 4001 903 4073 Reip.
917 4002 974 4057 XV
986 4002 1012 4071 4,
1032 4000 1081 4056 ubi
1099 4001 1265 4072 Xenophon
1284 4007 1398 4056 narrat:

224 4091 353 4164 διμοιρίᾳ
373 4109 404 4161 γε
429 4092 475 4143 ἐπὶ
498 4089 536 4158 τῷ
555 4090 659 4159 δείπνῳ
684 4093 794 4162 ἐτίμησε
814 4084 886 4163 [τοὺς
903 4093 1034 4159 βασιλέας
1052 4083 1067 4142 (1
1086 4087 1260 4162 Λυκοῦργος)
1280 4083 1333 4159 οὐχ
1352 4092 1398 4142 ἵνα

224 4174 360 4233 διπλάσια
384 4173 583 4250 καταφάγοιεν,
614 4173 671 4232 ἀλλ’
701 4182 747 4231 ἵνα
775 4185 821 4233 καὶ
852 4173 907 4233 ἀπὸ
926 4179 1008 4235 τοῦδε
1028 4179 1143 4252 τιμῆσαι
1162 4181 1260 4250 ἔχοιεν,
1290 4183 1317 4234 εί
1333 4200 1396 4233 τινα

222 4263 374 4338 βούλοιντο.

330 4358 358 4428 3)
378 4359 436 4414 (lfr.
456 4359 532 4413 Hell.
551 4359 594 4416 IV
611 4360 637 4427 2,
659 4359 700 4412 17.
725 4357 812 4430 Apud
829 4359 989 4415 Diodorum
1008 4360 1080 4416 XIV
1092 4360 1127 4413 82
1144 4359 1268 4414 fortasse
1286 4362 1397 4419 πλείους

75 4424 165 4564 '¹
224 4447 381 4518 δισμυρίων
399 4448 553 4521 legendum
572 4454 628 4519 est;
653 4448 705 4505 cfr.
724 4448 917 4506 Breitenbaoh
935 4448 973 4503 ad
992 4448 1068 4504 Hell.
1086 4449 1129 4506 IV
1147 4449 1173 4517 2,
1194 4449 1235 4506 17.
