2880 4852
594 78 812 144 *65*

81 282 87 320 ·.
142 263 166 322 et
187 256 369 323 Oreuzerus
405 248 509 341 (Hist.
534 244 652 323 Xunst
675 258 705 323 d.
732 259 866 324 Griech.
890 255 969 341 230)
1004 265 1038 328 et
1072 258 1187 324 Morus
1221 255 1288 343 (ed.

81 412 83 421 »
140 363 251 430 Hellen.
264 387 298 452 p.
310 364 509 445 XXXVHI)
526 364 592 430 sibi
607 371 857 452 persuaserunt,
875 386 1078 450 quamquam
1093 365 1152 430 ille
1164 387 1184 429 a
1195 366 1297 432 nullo¹

141 471 282 558 scriptore
304 479 439 559 praeter
454 473 716 558 Xenophontem
738 473 896 538 laudatur
919 471 991 552 (cfr.
1010 472 1163 557 Mueller,
1187 473 1227 538 F.
1244 473 1288 537 H.

81 601 86 608 ·
141 577 169 643 G.
182 578 214 643 H
229 579 295 665 74),
320 602 395 644 cum
413 579 535 646 Suidas
555 585 707 645 nostram
722 579 909 645 Anabasim
925 579 1113 663 intellegat.
1139 579 1290 658 Quorum

82 706 86 744 t
141 686 291 752 sententia
326 704 528 773 quamquam
561 708 622 774 per
650 708 685 751 se
709 687 783 752 veri
805 709 875 752 non
903 686 1080 752 dissimilis
1115 691 1181 771 est,
1217 707 1291 750 eam

140 795 234 859 tenen
258 792 498 859 difficultatem
525 792 681 879 habebat,
712 793 811 879 quod,
848 794 1012 880 quamdiu
1034 794 1290 859 Hellenicorum

81 919 87 956 ε
140 895 156 962 l.
171 898 219 964 lH
240 906 318 986 post
334 923 362 966 a.
377 900 441 967 357
466 900 610 986 scriptus
627 923 701 966 esse
718 901 983 985 existimabatur,
1001 923 1070 966 non
1094 900 1289 989 apparebat,

81 1034 85 1059 z
140 1024 183 1070 eur
202 1006 394 1095 Xenophon
417 1007 702 1092 Themistogenis,
731 1029 800 1073 non
832 1009 939 1094 ipsius
966 1006 1169 1093 Anabasim,
1206 1028 1291 1092 quae

140 1109 183 1178 diu
216 1115 405 1202 composita
440 1120 543 1197 esset,
576 1115 793 1181 laudavisset.
842 1114 908 1181 Sed
932 1116 1020 1180 hanc
1044 1135 1177 1200 quoque
1199 1113 1290 1178 diffi-

139 1219 282 1286 cultatem
304 1221 483 1287 Nitschius
507 1221 702 1287 dissoluisse
730 1222 919 1308 videbatur,
953 1223 1013 1308 qui
1035 1221 1290 1287 Hellenicorum

137 1322 242 1393 librum
278 1329 420 1394 tertium
454 1351 483 1395 a.
509 1329 575 1393 384
610 1329 831 1414 compositam
866 1352 939 1394 esse
960 1329 1115 1415 ‘probare
1151 1335 1290 1394 conatus

136 1429 381 1522 Xenophontem
393 1435 670 1522 Themistogenis
687 1435 874 1501 Anabasim
896 1435 1051 1501 laudasse
1075 1436 1174 1520 dixit,
1199 1434 1291 1521 quod

135 1538 224 1627 ipsius
236 1542 392 1608 nondum
402 1543 586 1630 composita
598 1542 729 1627 fuisset,
744 1543 825 1608 etin
837 1543 1026 1608 Hellenicis
1040 1564 1289 1627 earumrerum,

134 1666 202 1732 quae
215 1673 245 1716 a.
259 1650 438 1715 401—399
452 1650 657 1735 acciderunt,
670 1656 848 1736 propterea
860 1651 1068 1716 mentionem
1078 1649 1204 1716 factam
1220 1672 1290 1715 non

133 1775 191 1822 esse
207 1757 357 1842 censuit,
378 1757 468 1842 quod
479 1757 671 1843 Xenophon
683 1757 879 1823 Anabaseos
898 1757 1095 1824 scribendae
1111 1755 1291 1822 eonsilium

131 1858 185 1928 lem
220 1864 369 1952 cepisset
415 1863 569 1943 (Nitsche
596 1865 618 1929 l.
648 1865 669 1928 l.
703 1888 736 1951 p.
764 1862 833 1947 42).
892 1864 985 1941 Quae
1018 1863 1291 1952 probabilissima

128 1970 334 2054 ridebantur,
351 1992 427 2036 cum
437 1969 624 2035 Anabasim
639 1979 716 2058 post
729 1995 757 2037 a.
772 1972 837 2036 380
851 1972 1011 2058 scriptam
1024 1994 1097 2036 esse
1109 1978 1289 2037 constaret.

96 2085 99 2091 '
128 2077 168 2143 At
188 2077 342 2144 Nitschii
365 2075 407 2141 de
430 2077 570 2142 alterius
594 2079 849 2144 Hellenicorum
871 2085 968 2165 parte
992 2078 1171 2163 iudicium,
1200 2077 1291 2163 quod

127 2182 346 2250 Schenkelius
363 2183 500 2269 quidem
517 2186 570 2265 (X.
585 2186 682 2252 Stud.
698 2187 716 2250 I
732 2187 806 2270 635,
823 2185 860 2249 H
874 2185 926 2263 15)
939 2185 1291 2272 Dittenbergerusque

128 2287 280 2371 (Hermes
307 2292 395 2357 XVI
418 2292 482 2356 331
499 2291 551 2372 n.)
587 2294 696 2357 secuti
730 2300 824 2377 sunt,
860 2282 1070 2377 argumentis
1103 2315 1173 2358 non
1208 2293 1290 2357 satis

127 2395 226 2463 firmis
271 2398 340 2462 niti
385 2421 487 2485 supra
527 2399 795 2464 demonstratum
835 2405 887 2463 est
919 2396 964 2484 (p.
989 2399 1032 2463 57
1061 2397 1139 2485 sq.);
1175 2400 1291 2484 itaque

129 2504 239 2570 eodem
254 2505 330 2570 iure
346 2502 509 2570 affirmari
524 2513 645 2592 potest,
662 2506 927 2592 Xenophontem
940 2507 1024 2592 Cyri
1039 2505 1291 2594 expeditionem

81 2610 83 2615 ’
130 2630 163 2676 eo
182 2612 323 2678 consilio
346 2612 383 2677 in
399 2613 587 2677 Hellenicis
615 2635 684 2678 non
708 2636 892 2699 enarrasse,
914 2636 958 2678 ne
976 2636 1061 2698 quae
1084 2615 1121 2679 in
1137 2613 1291 2679 Anabasi

132 2719 319 2805 rettulisset,
342 2714 554 2805 repeteretl').
590 2719 704 2805 Atque
728 2720 818 2785 inter
840 2726 973 2785 veteres
997 2720 1151 2786 homines
1175 2721 1290 2786 doctos

135 2844 165 2889 ee
176 2827 242 2892 iam
259 2827 433 2892 sententia
448 2827 649 2913 pervulgata
664 2833 745 2911 erat,
770 2833 809 2893 ut
824 2826 1011 2892 Anabasim
1027 2850 1046 2892 a
1061 2827 1291 2914 Xenophonte

136 2930 229 3000 elieno
252 2934 391 3000 nomine
416 2934 542 2999 editam
565 2956 638 2998 esse
661 2941 831 3020 putarent,
856 2957 922 3019 quo
945 2933 1013 3022 fide
1036 2933 1173 3019 dignior
1195 2935 1290 2999 vide·

137 3045 220 3108 retur.
268 3043 374 3108 Velut
402 3040 605 3106 Plutarchus
637 3040 720 3105 haec
753 3041 909 3107 exhibet:
948 3037 1102 3125 Ξενοφῶν
1136 3036 1196 3119 μὲν
1229 3033 1289 3123 γάρ

139 3135 220 3223 αὐτὸς
236 3140 354 3210 ἑαυτοῦ
370 3142 496 3229 γέγονεν
512 3139 650 3230 ἱστορία,
672 3139 803 3232 γράψας
819 3135 841 3234 ἃ
857 3140 1075 3232 ἐστρατήγησε
1090 3141 1147 3208 καὶ
1163 3139 1290 3231 auctio

140 3250 212 3318 tecue
244 3250 303 3317 καὶ
334 3249 553 3338 Θεμιστογένη
583 3249 692 3335 (λέγει)
725 3249 803 3338 περὶ
831 3247 955 3316 τοάτιυν
990 3246 1208 3332 συντετάχθαι
1232 3247 1289 3315 τὸν

141 3353 353 3445 Συρακούσιον,
390 3359 443 3422 ἵνα
466 3352 662 3444 πιστότερος
686 3344 706 3446 ,ἦ
731 3353 941 3446 διηγούμενος
964 3353 1079 3423 ἑαυτὸν
1103 3349 1147 3435 ὡς
1180 3349 1288 3438 άλλον,

81 3485 84 3520 ε
144 3453 223 3552 ἑτέρῳ
246 3461 305 3555 τὴν
327 3469 392 3529 τῶν
415 3459 520 3550 λόγων
549 3459 647 3542 δόξαν
673 3459 883 3550 χαριζόμενος
911 3466 1019 3552 (Glor.
1043 3469 1160 3534 Athen
1183 3469 1248 3533 345
1265 3468 1288 3534 f.

81 3604 85 3613 ‚
143 3589 162 3635 θ.
172 3570 208 3657 Ι)
230 3577 318 3642 Fere
340 3574 458 3641 eadem
479 3584 559 3640 vero'
576 3574 717 3639 Taetzes
740 3575 846 3640 tradit
869 3573 994 3659 (Schol.
1019 3576 1062 3640 ad
1074 3576 1163 3641 Bibl.
1182 3576 1288 3641 Paris.

81 3713 84 3720 ·
144 3678 198 3746 led.
220 3683 306 3748 2565
323 3682 421 3770 epist.
439 3682 508 3762 21):
539 3677 692 3766 Ξενοφῶν
715 3675 886 3766 ἐπέγραψε
908 3674 967 3767 τὴν
982 3674 1091 3766 Κύρου
1113 3671 1291 3761 Ἀνάβασιν

146 3779 350 3872 Θεμιστογένει
377 3781 567 3872 Συρακοσίῳ
591 3797 626 3855 et
650 3789 795 3856 Chiliad.
820 3790 889 3856 VH
904 3791 979 3874 939,
1004 3788 1063 3855 ubi
1079 3789 1289 3875 Xenophon-

145 3936 332 3973 N--J-

229 4053 255 4126 1)
290 4054 372 4123 Quae
389 4052 421 4108 in
440 4053 560 4108 Graecia
579 4053 628 4107 illo
646 4058 776 4125 tempore
795 4060 877 4125 gesta
901 4060 977 4124 sunt,
1005 4072 1039 4109 ea
1062 4071 1120 4108 non
1139 4053 1223 4124 plane
1241 4070 1289 4107 ne·

81 4152 83 4181 ³
147 4131 253 4214 glutisse,
266 4143 316 4198 sed
329 4143 405 4198 Hell.
419 4143 474 4197 ΠΙ.
487 4145 513 4212 2,
526 4143 631 4196 21—31
646 4160 795 4196 enarrasse
812 4144 926 4197 videtur
939 4143 1001 4207 (cfr.
1013 4143 1102 4196 Grote
1115 4143 1152 4196 H.
1163 4160 1188 4197 o.
1200 4143 1233 4196 G.
1244 4143 1289 4196 IX

147 4217 192 4293 316,
208 4232 232 4301 13
251 4233 367 4288 canton
386 4232 422 4286 aa
442 4251 466 4287 a.
485 4233 643 4301 eor-3993
662 4231 779 4286 nsoter.
799 4232 870 4286 xiv
889 4233 944 4291 are.

1077 4323 1093 4375 5
