<?xml version="1.0" encoding="UTF-8"?>
<!DOCTYPE html PUBLIC "-//W3C//DTD XHTML 1.0 Transitional//EN"
    "http://www.w3.org/TR/xhtml1/DTD/xhtml1-transitional.dtd">
<html xmlns="http://www.w3.org/1999/xhtml" xml:lang="en" lang="en">
 <head>
  <title>
</title>
<meta http-equiv="Content-Type" content="text/html;charset=utf-8" />
  <meta name='ocr-system' content='tesseract 3.04.00' />
  <meta name='ocr-capabilities' content='ocr_page ocr_carea ocr_par ocr_line ocrx_word'/>
</head>
<body>
  <div class='ocr_page' id='page_1' title='image "./dexenophontisvi01roqugoog_0087.png"; bbox 0 0 2880 4852; ppageno 0'>
   <div class='ocr_carea' id='block_1_1' title="bbox 682 188 900 251">
    <p class='ocr_par' dir='ltr' id='par_1_1' title="bbox 682 188 900 251">
     <span class='ocr_line' id='line_1_1' title="bbox 682 188 900 251; baseline -0.005 -18"><span class='ocrx_word' id='word_1_1' title='bbox 682 188 900 251; x_wconf 70' lang='lat'>...72-</span> 
     </span>
    </p>
   </div>
   <div class='ocr_carea' id='block_1_2' title="bbox 203 360 1416 2915">
    <p class='ocr_par' dir='ltr' id='par_1_2' title="bbox 203 360 1416 2915">
     <span class='ocr_line' id='line_1_2' title="bbox 205 360 1383 452; baseline -0.002 -22"><span class='ocrx_word' id='word_1_2' title='bbox 205 373 454 452; x_wconf 86' lang='lat' dir='ltr'>persuaserunt,</span> <span class='ocrx_word' id='word_1_3' title='bbox 478 365 520 431; x_wconf 93' lang='lat' dir='ltr'><strong>de</strong></span> <span class='ocrx_word' id='word_1_4' title='bbox 543 372 654 431; x_wconf 89' lang='lat' dir='ltr'>aetate</span> <span class='ocrx_word' id='word_1_5' title='bbox 678 365 845 432; x_wconf 81' lang='lat' dir='ltr'>dissensio</span> <span class='ocrx_word' id='word_1_6' title='bbox 868 366 923 431; x_wconf 90' lang='lat' dir='ltr'>sit.</span> <span class='ocrx_word' id='word_1_7' title='bbox 960 363 1162 430; x_wconf 88' lang='lat' dir='ltr'>Brandisius</span> <span class='ocrx_word' id='word_1_8' title='bbox 1179 363 1252 444; x_wconf 88' lang='grc'><strong>(1.1.</strong></span> <span class='ocrx_word' id='word_1_9' title='bbox 1270 386 1305 450; x_wconf 91' lang='lat' dir='ltr'><strong>p.</strong></span> <span class='ocrx_word' id='word_1_10' title='bbox 1323 360 1383 446; x_wconf 90' lang='grc'><strong>32)</strong></span> 
     </span>
     <span class='ocr_line' id='line_1_3' title="bbox 206 470 1383 558; baseline -0.003 -20"><span class='ocrx_word' id='word_1_11' title='bbox 206 473 298 538; x_wconf 88' lang='grc'><strong>66116</strong></span> <span class='ocrx_word' id='word_1_12' title='bbox 321 473 557 539; x_wconf 82' lang='lat' dir='ltr'>Memorabilia</span> <span class='ocrx_word' id='word_1_13' title='bbox 580 473 669 538; x_wconf 91' lang='lat' dir='ltr'>circa</span> <span class='ocrx_word' id='word_1_14' title='bbox 693 495 721 538; x_wconf 89' lang='lat' dir='ltr'>a.</span> <span class='ocrx_word' id='word_1_15' title='bbox 746 474 812 538; x_wconf 97' lang='grc'><strong>394</strong></span> <span class='ocrx_word' id='word_1_16' title='bbox 835 473 1021 558; x_wconf 90' lang='grc'><strong>6616666116</strong></span> <span class='ocrx_word' id='word_1_17' title='bbox 1043 493 1117 536; x_wconf 91' lang='grc'><strong>6666</strong></span> <span class='ocrx_word' id='word_1_18' title='bbox 1140 470 1291 553; x_wconf 87' lang='grc'><strong>6666611,</strong></span> <span class='ocrx_word' id='word_1_19' title='bbox 1318 470 1383 535; x_wconf 82' lang='grc'><strong>06-</strong></span> 
     </span>
     <span class='ocr_line' id='line_1_4' title="bbox 207 576 1384 667; baseline -0.005 -21"><span class='ocrx_word' id='word_1_20' title='bbox 207 580 306 646; x_wconf 84' lang='grc'><strong>116166</strong></span> <span class='ocrx_word' id='word_1_21' title='bbox 322 580 440 646; x_wconf 89' lang='lat' dir='ltr'>e&#39;o&#39;dem</span> <span class='ocrx_word' id='word_1_22' title='bbox 457 581 528 645; x_wconf 85' lang='lat' dir='ltr'>fere</span> <span class='ocrx_word' id='word_1_23' title='bbox 544 586 705 667; x_wconf 89' lang='lat' dir='ltr'>tempore,</span> <span class='ocrx_word' id='word_1_24' title='bbox 728 603 793 666; x_wconf 91' lang='lat' dir='ltr'><strong>quo</strong></span> <span class='ocrx_word' id='word_1_25' title='bbox 810 580 978 646; x_wconf 80' lang='lat' dir='ltr'>accusatio</span> <span class='ocrx_word' id='word_1_26' title='bbox 993 578 1184 665; x_wconf 91' lang='lat' dir='ltr'>Polycratis</span> <span class='ocrx_word' id='word_1_27' title='bbox 1201 583 1236 642; x_wconf 90' lang='lat' dir='ltr'><strong>et</strong></span> <span class='ocrx_word' id='word_1_28' title='bbox 1251 576 1384 663; x_wconf 88' lang='lat' dir='ltr'>Lysiae</span> 
     </span>
     <span class='ocr_line' id='line_1_5' title="bbox 205 684 1384 774; baseline -0.003 -22"><span class='ocrx_word' id='word_1_29' title='bbox 205 687 361 773; x_wconf 84' lang='lat' dir='ltr'>apologia</span> <span class='ocrx_word' id='word_1_30' title='bbox 373 688 518 774; x_wconf 86' lang='lat' dir='ltr'>scriptae</span> <span class='ocrx_word' id='word_1_31' title='bbox 537 694 667 773; x_wconf 88' lang='lat' dir='ltr'>essent,</span> <span class='ocrx_word' id='word_1_32' title='bbox 691 687 932 774; x_wconf 73' lang='lat' dir='ltr'>Xenophontis</span> <span class='ocrx_word' id='word_1_33' title='bbox 957 709 1089 772; x_wconf 92' lang='lat' dir='ltr'>quoque</span> <span class='ocrx_word' id='word_1_34' title='bbox 1108 684 1384 752; x_wconf 79' lang='lat' dir='ltr'>Commentarios</span> 
     </span>
     <span class='ocr_line' id='line_1_6' title="bbox 205 792 1385 881; baseline -0.004 -21"><span class='ocrx_word' id='word_1_35' title='bbox 205 802 294 860; x_wconf 90' lang='grc'><strong>61166</strong></span> <span class='ocrx_word' id='word_1_36' title='bbox 332 817 405 861; x_wconf 89' lang='grc'><strong>6666</strong></span> <span class='ocrx_word' id='word_1_37' title='bbox 438 795 574 880; x_wconf 86' lang='lat' dir='ltr'>putavit</span> <span class='ocrx_word' id='word_1_38' title='bbox 609 795 707 876; x_wconf 73' lang='lat' dir='ltr'>(Nor.</span> <span class='ocrx_word' id='word_1_39' title='bbox 737 796 832 860; x_wconf 91' lang='lat' dir='ltr'>Lect.</span> <span class='ocrx_word' id='word_1_40' title='bbox 862 818 894 881; x_wconf 89' lang='lat' dir='ltr'><strong>p.</strong></span> <span class='ocrx_word' id='word_1_41' title='bbox 919 795 1013 880; x_wconf 82' lang='grc'><strong>678),</strong></span> <span class='ocrx_word' id='word_1_42' title='bbox 1049 792 1275 860; x_wconf 83' lang='lat' dir='ltr'>Schenkelius</span> <span class='ocrx_word' id='word_1_43' title='bbox 1311 814 1385 856; x_wconf 92' lang='lat' dir='ltr'><strong>non</strong></span> 
     </span>
     <span class='ocr_line' id='line_1_7' title="bbox 204 898 1387 990; baseline -0.004 -23"><span class='ocrx_word' id='word_1_44' title='bbox 204 902 352 967; x_wconf 90' lang='lat' dir='ltr'>multum</span> <span class='ocrx_word' id='word_1_45' title='bbox 374 909 453 990; x_wconf 87' lang='lat' dir='ltr'>post</span> <span class='ocrx_word' id='word_1_46' title='bbox 476 925 505 967; x_wconf 93' lang='lat' dir='ltr'>a.</span> <span class='ocrx_word' id='word_1_47' title='bbox 523 902 590 966; x_wconf 93' lang='grc'><strong>390</strong></span> <span class='ocrx_word' id='word_1_48' title='bbox 613 903 715 982; x_wconf 86' lang='grc' dir='ltr'><strong>(Χ66.</strong></span> <span class='ocrx_word' id='word_1_49' title='bbox 733 901 829 968; x_wconf 80' lang='grc'><strong>81611.</strong></span> <span class='ocrx_word' id='word_1_50' title='bbox 851 902 935 988; x_wconf 90' lang='lat' dir='ltr'><strong>Hp.</strong></span> <span class='ocrx_word' id='word_1_51' title='bbox 954 898 1042 986; x_wconf 80' lang='lat'>153),</span> <span class='ocrx_word' id='word_1_52' title='bbox 1065 898 1266 966; x_wconf 84' lang='lat' dir='ltr'>Dind&#39;orfius</span> <span class='ocrx_word' id='word_1_53' title='bbox 1291 898 1387 963; x_wconf 87' lang='lat' dir='ltr'>circa</span> 
     </span>
     <span class='ocr_line' id='line_1_8' title="bbox 207 1005 1387 1094; baseline -0.004 -20"><span class='ocrx_word' id='word_1_54' title='bbox 207 1008 258 1075; x_wconf 90' lang='lat' dir='ltr'><strong>Ol.</strong></span> <span class='ocrx_word' id='word_1_55' title='bbox 284 1009 326 1073; x_wconf 92' lang='grc'><strong>99</strong></span> <span class='ocrx_word' id='word_1_56' title='bbox 351 1006 405 1094; x_wconf 90' lang='lat'><strong>(=</strong></span> <span class='ocrx_word' id='word_1_57' title='bbox 431 1009 610 1073; x_wconf 84' lang='grc'><strong>384-380</strong></span> <span class='ocrx_word' id='word_1_58' title='bbox 633 1033 661 1074; x_wconf 90' lang='grc'><strong>6.</strong></span> <span class='ocrx_word' id='word_1_59' title='bbox 688 1010 724 1075; x_wconf 86' lang='grc'><strong>0.</strong></span> <span class='ocrx_word' id='word_1_60' title='bbox 749 1005 809 1091; x_wconf 94' lang='grc'><strong>6.).</strong></span> <span class='ocrx_word' id='word_1_61' title='bbox 841 1009 991 1087; x_wconf 84' lang='lat' dir='ltr'>Quorum</span> <span class='ocrx_word' id='word_1_62' title='bbox 1014 1007 1219 1090; x_wconf 85' lang='lat' dir='ltr'>Brandisius·</span> <span class='ocrx_word' id='word_1_63' title='bbox 1239 1005 1387 1092; x_wconf 91' lang='lat' dir='ltr'>quidem</span> 
     </span>
     <span class='ocr_line' id='line_1_9' title="bbox 206 1114 1387 1202; baseline -0.002 -22"><span class='ocrx_word' id='word_1_64' title='bbox 206 1138 247 1180; x_wconf 86' lang='lat' dir='ltr'><strong>ex</strong></span> <span class='ocrx_word' id='word_1_65' title='bbox 270 1115 344 1202; x_wconf 87' lang='lat' dir='ltr'>ipsa</span> <span class='ocrx_word' id='word_1_66' title='bbox 367 1138 428 1181; x_wconf 89' lang='grc'><strong>666</strong></span> <span class='ocrx_word' id='word_1_67' title='bbox 451 1116 623 1182; x_wconf 90' lang='grc'><strong>666166116</strong></span> <span class='ocrx_word' id='word_1_68' title='bbox 645 1116 746 1181; x_wconf 88' lang='lat' dir='ltr'>facile</span> <span class='ocrx_word' id='word_1_69' title='bbox 768 1115 950 1202; x_wconf 85' lang='lat' dir='ltr'>refutatur,</span> <span class='ocrx_word' id='word_1_70' title='bbox 979 1138 1057 1181; x_wconf 90' lang='lat' dir='ltr'><strong>cum</strong></span> <span class='ocrx_word' id='word_1_71' title='bbox 1080 1136 1192 1180; x_wconf 90' lang='grc'><strong>166166</strong></span> <span class='ocrx_word' id='word_1_72' title='bbox 1214 1114 1340 1200; x_wconf 89' lang='lat' dir='ltr'>longos</span> <span class='ocrx_word' id='word_1_73' title='bbox 1365 1136 1387 1178; x_wconf 90' lang='lat' dir='ltr'>a</span> 
     </span>
     <span class='ocr_line' id='line_1_10' title="bbox 205 1222 1386 1314; baseline -0.002 -27"><span class='ocrx_word' id='word_1_74' title='bbox 205 1222 344 1288; x_wconf 84' lang='lat' dir='ltr'>Conone</span> <span class='ocrx_word' id='word_1_75' title='bbox 372 1245 400 1287; x_wconf 90' lang='lat' dir='ltr'>a.</span> <span class='ocrx_word' id='word_1_76' title='bbox 430 1223 495 1314; x_wconf 85' lang='grc'><strong>393</strong></span> <span class='ocrx_word' id='word_1_77' title='bbox 524 1223 700 1288; x_wconf 87' lang='grc'><strong>1661116166</strong></span> <span class='ocrx_word' id='word_1_78' title='bbox 728 1246 749 1288; x_wconf 97' lang='grc'><strong>6</strong></span> <span class='ocrx_word' id='word_1_79' title='bbox 774 1224 954 1309; x_wconf 82' lang='lat' dir='ltr'>Polycrate</span> <span class='ocrx_word' id='word_1_80' title='bbox 992 1227 1270 1288; x_wconf 89' lang='lat' dir='ltr'>commemoratos</span> <span class='ocrx_word' id='word_1_81' title='bbox 1307 1242 1386 1285; x_wconf 91' lang='grc'><strong>6666</strong></span> 
     </span>
     <span class='ocr_line' id='line_1_11' title="bbox 204 1325 1384 1421; baseline -0.001 -26"><span class='ocrx_word' id='word_1_82' title='bbox 204 1330 397 1395; x_wconf 80' lang='lat' dir='ltr'>Favorinus</span> <span class='ocrx_word' id='word_1_83' title='bbox 426 1325 619 1411; x_wconf 64' lang='grc'><strong>166161611).</strong></span> <span class='ocrx_word' id='word_1_84' title='bbox 659 1331 778 1415; x_wconf 87' lang='lat' dir='ltr'>Neque</span> <span class='ocrx_word' id='word_1_85' title='bbox 813 1353 898 1415; x_wconf 89' lang='lat' dir='ltr'>quae</span> <span class='ocrx_word' id='word_1_86' title='bbox 929 1329 1154 1421; x_wconf 72' lang='lat' dir='ltr'>Schenkelius</span> <span class='ocrx_word' id='word_1_87' title='bbox 1189 1328 1384 1413; x_wconf 83' lang='lat' dir='ltr'>contendit,</span> 
     </span>
     <span class='ocr_line' id='line_1_12' title="bbox 203 1435 1386 1524; baseline 0.001 -24"><span class='ocrx_word' id='word_1_88' title='bbox 203 1435 430 1524; x_wconf 85' lang='lat' dir='ltr'>probabiliora</span> <span class='ocrx_word' id='word_1_89' title='bbox 454 1445 549 1522; x_wconf 88' lang='lat' dir='ltr'>sunt,</span> <span class='ocrx_word' id='word_1_90' title='bbox 586 1437 645 1522; x_wconf 93' lang='lat' dir='ltr'><strong>qui</strong></span> <span class='ocrx_word' id='word_1_91' title='bbox 668 1460 744 1502; x_wconf 91' lang='grc'><strong>6616</strong></span> <span class='ocrx_word' id='word_1_92' title='bbox 767 1436 957 1507; x_wconf 85' lang='lat' dir='ltr'>Pfundium</span> <span class='ocrx_word' id='word_1_93' title='bbox 984 1437 1038 1518; x_wconf 84' lang='lat' dir='ltr'><strong>(de</strong></span> <span class='ocrx_word' id='word_1_94' title='bbox 1061 1436 1223 1502; x_wconf 88' lang='lat' dir='ltr'>Isocratis</span> <span class='ocrx_word' id='word_1_95' title='bbox 1247 1435 1325 1502; x_wconf 89' lang='lat' dir='ltr'>vita</span> <span class='ocrx_word' id='word_1_96' title='bbox 1351 1443 1386 1501; x_wconf 91' lang='lat' dir='ltr'><strong>et</strong></span> 
     </span>
     <span class='ocr_line' id='line_1_13' title="bbox 204 1534 1408 1630; baseline 0.001 -23"><span class='ocrx_word' id='word_1_97' title='bbox 204 1543 342 1630; x_wconf 87' lang='grc'><strong>66116116</strong></span> <span class='ocrx_word' id='word_1_98' title='bbox 375 1564 408 1630; x_wconf 91' lang='lat' dir='ltr'><strong>p.</strong></span> <span class='ocrx_word' id='word_1_99' title='bbox 448 1544 501 1624; x_wconf 89' lang='grc'><strong>18)</strong></span> <span class='ocrx_word' id='word_1_100' title='bbox 536 1550 671 1609; x_wconf 90' lang='grc'><strong>6666166</strong></span> <span class='ocrx_word' id='word_1_101' title='bbox 706 1534 908 1630; x_wconf 80' lang='lat' dir='ltr'>Polycratis</span> <span class='ocrx_word' id='word_1_102' title='bbox 932 1544 1213 1609; x_wconf 88' lang='lat' dir='ltr'>declamationem</span> <span class='ocrx_word' id='word_1_103' title='bbox 1247 1566 1278 1608; x_wconf 89' lang='lat' dir='ltr'>a.</span> <span class='ocrx_word' id='word_1_104' title='bbox 1315 1544 1408 1608; x_wconf 78' lang='grc'><strong>392</strong></span> 
     </span>
     <span class='ocr_line' id='line_1_14' title="bbox 205 1650 1383 1737; baseline -0.002 -21"><span class='ocrx_word' id='word_1_105' title='bbox 205 1651 426 1737; x_wconf 87' lang='lat' dir='ltr'>compositam</span> <span class='ocrx_word' id='word_1_106' title='bbox 439 1673 511 1716; x_wconf 88' lang='lat' dir='ltr'>esse</span> <span class='ocrx_word' id='word_1_107' title='bbox 520 1651 854 1737; x_wconf 85' lang='lat' dir='ltr'>Xenophontemque</span> <span class='ocrx_word' id='word_1_108' title='bbox 871 1675 899 1716; x_wconf 91' lang='lat' dir='ltr'>a.</span> <span class='ocrx_word' id='word_1_109' title='bbox 913 1652 979 1715; x_wconf 86' lang='lat'><strong>390</strong></span> <span class='ocrx_word' id='word_1_110' title='bbox 995 1651 1139 1716; x_wconf 84' lang='lat' dir='ltr'>fundum</span> <span class='ocrx_word' id='word_1_111' title='bbox 1154 1650 1383 1718; x_wconf 82' lang='lat' dir='ltr'>Scilluntium</span> 
     </span>
     <span class='ocr_line' id='line_1_15' title="bbox 204 1758 1383 1845; baseline 0 -23"><span class='ocrx_word' id='word_1_112' title='bbox 204 1758 375 1845; x_wconf 90' lang='lat' dir='ltr'>accepisse</span> <span class='ocrx_word' id='word_1_113' title='bbox 411 1763 561 1842; x_wconf 89' lang='lat' dir='ltr'>censeat,</span> <span class='ocrx_word' id='word_1_114' title='bbox 597 1759 832 1824; x_wconf 87' lang='lat' dir='ltr'>Memorabilia</span> <span class='ocrx_word' id='word_1_115' title='bbox 858 1759 971 1845; x_wconf 90' lang='lat' dir='ltr'>paullo</span> <span class='ocrx_word' id='word_1_116' title='bbox 998 1765 1077 1845; x_wconf 90' lang='lat' dir='ltr'>post</span> <span class='ocrx_word' id='word_1_117' title='bbox 1104 1781 1132 1823; x_wconf 88' lang='lat' dir='ltr'>a.</span> <span class='ocrx_word' id='word_1_118' title='bbox 1158 1759 1224 1822; x_wconf 86' lang='lat'><strong>390</strong></span> <span class='ocrx_word' id='word_1_119' title='bbox 1253 1758 1383 1843; x_wconf 88' lang='lat' dir='ltr'>scripta</span> 
     </span>
     <span class='ocr_line' id='line_1_16' title="bbox 203 1860 1382 1952; baseline -0.001 -23"><span class='ocrx_word' id='word_1_120' title='bbox 203 1865 418 1952; x_wconf 90' lang='lat' dir='ltr'>primumque</span> <span class='ocrx_word' id='word_1_121' title='bbox 446 1865 687 1952; x_wconf 88' lang='lat' dir='ltr'>Xenophontis</span> <span class='ocrx_word' id='word_1_122' title='bbox 723 1888 806 1951; x_wconf 91' lang='lat' dir='ltr'>opus</span> <span class='ocrx_word' id='word_1_123' title='bbox 840 1860 948 1946; x_wconf 75' lang='lat' dir='ltr'>esse2)</span> <span class='ocrx_word' id='word_1_124' title='bbox 983 1865 1076 1930; x_wconf 88' lang='lat' dir='ltr'>dicit.</span> <span class='ocrx_word' id='word_1_125' title='bbox 1128 1867 1248 1950; x_wconf 86' lang='lat' dir='ltr'>Neque</span> <span class='ocrx_word' id='word_1_126' title='bbox 1277 1864 1382 1929; x_wconf 68' lang='lat' dir='ltr'>&#39;enim</span> 
     </span>
     <span class='ocr_line' id='line_1_17' title="bbox 203 1967 1383 2059; baseline -0.001 -21"><span class='ocrx_word' id='word_1_127' title='bbox 203 1973 419 2059; x_wconf 86' lang='lat' dir='ltr'>Polycratem</span> <span class='ocrx_word' id='word_1_128' title='bbox 458 1974 526 2038; x_wconf 93' lang='lat' dir='ltr'><strong>iam</strong></span> <span class='ocrx_word' id='word_1_129' title='bbox 553 1996 582 2038; x_wconf 95' lang='grc'><strong>6.</strong></span> <span class='ocrx_word' id='word_1_130' title='bbox 609 1972 673 2037; x_wconf 87' lang='grc'><strong>392</strong></span> <span class='ocrx_word' id='word_1_131' title='bbox 707 1972 881 2059; x_wconf 90' lang='lat' dir='ltr'>scripsisse</span> <span class='ocrx_word' id='word_1_132' title='bbox 889 1967 928 2057; x_wconf 78' lang='lat'><strong>³),</strong></span> <span class='ocrx_word' id='word_1_133' title='bbox 968 1993 1079 2057; x_wconf 89' lang='lat' dir='ltr'>neque</span> <span class='ocrx_word' id='word_1_134' title='bbox 1112 1971 1383 2058; x_wconf 90' lang='lat' dir='ltr'>Xenophontem</span> 
     </span>
     <span class='ocr_line' id='line_1_18' title="bbox 203 2079 1382 2166; baseline 0 -22"><span class='ocrx_word' id='word_1_135' title='bbox 203 2086 382 2166; x_wconf 84' lang='lat' dir='ltr'>postquam</span> <span class='ocrx_word' id='word_1_136' title='bbox 393 2080 559 2146; x_wconf 84' lang='lat' dir='ltr'>Scillunte</span> <span class='ocrx_word' id='word_1_137' title='bbox 573 2079 792 2163; x_wconf 87' lang='lat' dir='ltr'>consedisset,</span> <span class='ocrx_word' id='word_1_138' title='bbox 806 2080 922 2144; x_wconf 90' lang='lat' dir='ltr'>statim</span> <span class='ocrx_word' id='word_1_139' title='bbox 932 2080 1165 2148; x_wconf 90' lang='lat' dir='ltr'>Memorabilia</span> <span class='ocrx_word' id='word_1_140' title='bbox 1178 2101 1382 2165; x_wconf 90' lang='grc'><strong>6661666616</strong></span> 
     </span>
     <span class='ocr_line' id='line_1_19' title="bbox 207 2186 1383 2273; baseline 0 -21"><span class='ocrx_word' id='word_1_141' title='bbox 207 2187 358 2273; x_wconf 87' lang='grc'><strong>66661666</strong></span> <span class='ocrx_word' id='word_1_142' title='bbox 394 2193 541 2269; x_wconf 87' lang='grc'><strong>6666161,</strong></span> <span class='ocrx_word' id='word_1_143' title='bbox 587 2191 622 2250; x_wconf 87' lang='grc'><strong>61</strong></span> <span class='ocrx_word' id='word_1_144' title='bbox 654 2186 903 2272; x_wconf 84' lang='lat' dir='ltr'>Cynegeticum</span> <span class='ocrx_word' id='word_1_145' title='bbox 931 2188 998 2253; x_wconf 91' lang='lat' dir='ltr'><strong>iam</strong></span> <span class='ocrx_word' id='word_1_146' title='bbox 1022 2210 1050 2252; x_wconf 92' lang='lat' dir='ltr'>a.</span> <span class='ocrx_word' id='word_1_147' title='bbox 1074 2187 1140 2251; x_wconf 93' lang='grc'><strong>402</strong></span> <span class='ocrx_word' id='word_1_148' title='bbox 1169 2192 1282 2251; x_wconf 88' lang='grc'><strong>611616</strong></span> <span class='ocrx_word' id='word_1_149' title='bbox 1307 2209 1383 2252; x_wconf 89' lang='grc'><strong>6666</strong></span> 
     </span>
     <span class='ocr_line' id='line_1_20' title="bbox 206 2292 1383 2379; baseline 0 -21"><span class='ocrx_word' id='word_1_150' title='bbox 206 2293 454 2360; x_wconf 82' lang='lat' dir='ltr'>demonstrasse</span> <span class='ocrx_word' id='word_1_151' title='bbox 477 2294 563 2359; x_wconf 89' lang='lat' dir='ltr'>mihi</span> <span class='ocrx_word' id='word_1_152' title='bbox 585 2292 713 2358; x_wconf 87' lang='lat' dir='ltr'>videor.</span> <span class='ocrx_word' id='word_1_153' title='bbox 758 2293 843 2358; x_wconf 83' lang='lat' dir='ltr'><strong>Cum</strong></span> <span class='ocrx_word' id='word_1_154' title='bbox 866 2293 1046 2359; x_wconf 87' lang='lat' dir='ltr'>Dindorfio</span> <span class='ocrx_word' id='word_1_155' title='bbox 1069 2316 1150 2359; x_wconf 82' lang='lat' dir='ltr'>vero</span> <span class='ocrx_word' id='word_1_156' title='bbox 1174 2316 1383 2379; x_wconf 91' lang='lat' dir='ltr'>quamquam</span> 
     </span>
     <span class='ocr_line' id='line_1_21' title="bbox 205 2400 1383 2488; baseline -0.003 -21"><span class='ocrx_word' id='word_1_157' title='bbox 205 2401 247 2466; x_wconf 90' lang='lat' dir='ltr'><strong>de</strong></span> <span class='ocrx_word' id='word_1_158' title='bbox 270 2402 450 2488; x_wconf 84' lang='lat' dir='ltr'>Polycrate</span> <span class='ocrx_word' id='word_1_159' title='bbox 474 2400 708 2485; x_wconf 88' lang='lat' dir='ltr'>dissideamus,</span> <span class='ocrx_word' id='word_1_160' title='bbox 734 2400 776 2465; x_wconf 92' lang='lat' dir='ltr'><strong>de</strong></span> <span class='ocrx_word' id='word_1_161' title='bbox 793 2401 1064 2467; x_wconf 85' lang='lat' dir='ltr'>Memorabilium</span> <span class='ocrx_word' id='word_1_162' title='bbox 1087 2408 1239 2486; x_wconf 89' lang='lat' dir='ltr'>tempore</span> <span class='ocrx_word' id='word_1_163' title='bbox 1263 2407 1383 2465; x_wconf 90' lang='lat' dir='ltr'>tamen</span> 
     </span>
     <span class='ocr_line' id='line_1_22' title="bbox 208 2504 1382 2594; baseline -0.003 -20"><span class='ocrx_word' id='word_1_164' title='bbox 208 2509 393 2594; x_wconf 88' lang='lat' dir='ltr'>consentio,</span> <span class='ocrx_word' id='word_1_165' title='bbox 418 2530 495 2573; x_wconf 93' lang='lat' dir='ltr'><strong>cum</strong></span> <span class='ocrx_word' id='word_1_166' title='bbox 519 2514 553 2572; x_wconf 89' lang='lat' dir='ltr'><strong>et</strong></span> <span class='ocrx_word' id='word_1_167' title='bbox 577 2529 639 2592; x_wconf 88' lang='lat' dir='ltr'><strong>ego</strong></span> <span class='ocrx_word' id='word_1_168' title='bbox 663 2508 715 2573; x_wconf 94' lang='lat' dir='ltr'><strong>Ol.</strong></span> <span class='ocrx_word' id='word_1_169' title='bbox 740 2509 783 2572; x_wconf 91' lang='grc'><strong>99</strong></span> <span class='ocrx_word' id='word_1_170' title='bbox 807 2504 842 2592; x_wconf 87' lang='lat' dir='ltr'><strong>(i.</strong></span> <span class='ocrx_word' id='word_1_171' title='bbox 869 2532 896 2572; x_wconf 88' lang='grc'><strong>6.</strong></span> <span class='ocrx_word' id='word_1_172' title='bbox 921 2508 1012 2573; x_wconf 89' lang='grc'><strong>16161</strong></span> <span class='ocrx_word' id='word_1_173' title='bbox 1035 2532 1063 2572; x_wconf 92' lang='grc'><strong>6.</strong></span> <span class='ocrx_word' id='word_1_174' title='bbox 1088 2508 1154 2572; x_wconf 89' lang='grc'><strong>384</strong></span> <span class='ocrx_word' id='word_1_175' title='bbox 1167 2507 1279 2589; x_wconf 87' lang='grc'><strong>-80)</strong></span> <span class='ocrx_word' id='word_1_176' title='bbox 1308 2506 1382 2571; x_wconf 86' lang='lat' dir='ltr'>fere</span> 
     </span>
     <span class='ocr_line' id='line_1_23' title="bbox 207 2614 1416 2701; baseline -0.002 -20"><span class='ocrx_word' id='word_1_177' title='bbox 207 2615 333 2681; x_wconf 86' lang='lat' dir='ltr'>librum</span> <span class='ocrx_word' id='word_1_178' title='bbox 371 2615 595 2701; x_wconf 89' lang='lat' dir='ltr'>compositum</span> <span class='ocrx_word' id='word_1_179' title='bbox 635 2637 708 2679; x_wconf 91' lang='lat' dir='ltr'>esse</span> <span class='ocrx_word' id='word_1_180' title='bbox 748 2637 912 2680; x_wconf 90' lang='lat' dir='ltr'>censeam.</span> <span class='ocrx_word' id='word_1_181' title='bbox 984 2614 1231 2701; x_wconf 83' lang='lat' dir='ltr'>Cynegeticum</span> <span class='ocrx_word' id='word_1_182' title='bbox 1275 2615 1381 2698; x_wconf 93' lang='lat' dir='ltr'>enim,</span> <span class='ocrx_word' id='word_1_183' title='bbox 1414 2616 1416 2620; x_wconf 49' lang='lat'><em>⁴</em></span> 
     </span>
     <span class='ocr_line' id='line_1_24' title="bbox 206 2718 1384 2808; baseline 0.001 -22"><span class='ocrx_word' id='word_1_184' title='bbox 206 2722 462 2787; x_wconf 89' lang='lat' dir='ltr'>Hellenicorum</span> <span class='ocrx_word' id='word_1_185' title='bbox 485 2746 518 2808; x_wconf 86' lang='lat' dir='ltr'><strong>p.</strong></span> <span class='ocrx_word' id='word_1_186' title='bbox 543 2723 570 2806; x_wconf 94' lang='lat' dir='ltr'><strong>I,</strong></span> <span class='ocrx_word' id='word_1_187' title='bbox 595 2722 858 2788; x_wconf 91' lang='lat' dir='ltr'>Oeconomicum</span> <span class='ocrx_word' id='word_1_188' title='bbox 879 2728 958 2786; x_wconf 90' lang='grc'><strong>6616</strong></span> <span class='ocrx_word' id='word_1_189' title='bbox 974 2721 1208 2787; x_wconf 91' lang='lat' dir='ltr'>Memorabilia</span> <span class='ocrx_word' id='word_1_190' title='bbox 1224 2718 1384 2787; x_wconf 90' lang='lat' dir='ltr'>confecta</span> 
     </span>
     <span class='ocr_line' id='line_1_25' title="bbox 207 2828 1383 2915; baseline -0.002 -21"><span class='ocrx_word' id='word_1_191' title='bbox 207 2851 280 2894; x_wconf 88' lang='grc'><strong>6666</strong></span> <span class='ocrx_word' id='word_1_192' title='bbox 303 2829 545 2915; x_wconf 89' lang='lat' dir='ltr'>particularum</span> <span class='ocrx_word' id='word_1_193' title='bbox 578 2852 643 2895; x_wconf 95' lang='lat' dir='ltr'><strong>usu</strong></span> <span class='ocrx_word' id='word_1_194' title='bbox 675 2829 943 2895; x_wconf 88' lang='lat' dir='ltr'>demonstratum</span> <span class='ocrx_word' id='word_1_195' title='bbox 979 2829 1135 2894; x_wconf 83' lang='lat' dir='ltr'>existimo</span> <span class='ocrx_word' id='word_1_196' title='bbox 1171 2833 1205 2893; x_wconf 91' lang='lat' dir='ltr'><strong>et</strong></span> <span class='ocrx_word' id='word_1_197' title='bbox 1238 2828 1383 2893; x_wconf 92' lang='lat' dir='ltr'>omnino</span> 
     </span>
    </p>
   </div>
   <div class='ocr_carea' id='block_1_3' title="bbox 207 3087 1385 3344">
    <p class='ocr_par' dir='ltr' id='par_1_3' title="bbox 207 3087 1385 3344">
     <span class='ocr_line' id='line_1_26' title="bbox 315 3087 1385 3167; baseline 0 -21"><span class='ocrx_word' id='word_1_198' title='bbox 315 3091 341 3163; x_wconf 90' lang='lat'><strong>1)</strong></span> <span class='ocrx_word' id='word_1_199' title='bbox 360 3094 431 3149; x_wconf 81' lang='lat' dir='ltr'>Fav.</span> <span class='ocrx_word' id='word_1_200' title='bbox 444 3095 522 3165; x_wconf 80' lang='lat' dir='ltr'>apud</span> <span class='ocrx_word' id='word_1_201' title='bbox 535 3094 620 3167; x_wconf 86' lang='lat' dir='ltr'>Diog.</span> <span class='ocrx_word' id='word_1_202' title='bbox 634 3095 729 3149; x_wconf 82' lang='lat' dir='ltr'>Laert.</span> <span class='ocrx_word' id='word_1_203' title='bbox 742 3095 774 3149; x_wconf 92' lang='grc' dir='ltr'><strong><em>Π</em></strong></span> <span class='ocrx_word' id='word_1_204' title='bbox 785 3096 833 3149; x_wconf 82' lang='lat'><strong>39:</strong></span> <span class='ocrx_word' id='word_1_205' title='bbox 847 3088 1022 3165; x_wconf 79' lang='grc' dir='ltr'><em>Πολυκράτης</em></span> <span class='ocrx_word' id='word_1_206' title='bbox 1035 3096 1064 3146; x_wconf 73' lang='grc' dir='ltr'><strong>ἐν</strong></span> <span class='ocrx_word' id='word_1_207' title='bbox 1076 3093 1114 3162; x_wconf 74' lang='grc' dir='ltr'><strong>τῷ</strong></span> <span class='ocrx_word' id='word_1_208' title='bbox 1125 3087 1198 3163; x_wconf 76' lang='grc' dir='ltr'><strong>λόγῳ</strong></span> <span class='ocrx_word' id='word_1_209' title='bbox 1210 3087 1385 3163; x_wconf 75' lang='grc' dir='ltr'>μνημονεύει</span> 
     </span>
     <span class='ocr_line' id='line_1_27' title="bbox 207 3175 1385 3253; baseline 0 -19"><span class='ocrx_word' id='word_1_210' title='bbox 207 3181 260 3234; x_wconf 79' lang='grc' dir='ltr'><strong>τῶν</strong></span> <span class='ocrx_word' id='word_1_211' title='bbox 279 3175 333 3234; x_wconf 78' lang='grc' dir='ltr'><strong>ὑπὸ</strong></span> <span class='ocrx_word' id='word_1_212' title='bbox 354 3177 483 3242; x_wconf 80' lang='grc' dir='ltr'><strong><em>Κόνωνος</em></strong></span> <span class='ocrx_word' id='word_1_213' title='bbox 501 3183 598 3252; x_wconf 79' lang='grc' dir='ltr'><em>τειχῶν</em></span> <span class='ocrx_word' id='word_1_214' title='bbox 618 3177 837 3247; x_wconf 72' lang='grc' dir='ltr'><strong><em>ἀνασταθέντων,</em></strong></span> <span class='ocrx_word' id='word_1_215' title='bbox 863 3177 881 3234; x_wconf 76' lang='lat' dir='ltr'><strong>c‘l</strong></span> <span class='ocrx_word' id='word_1_216' title='bbox 903 3187 1018 3253; x_wconf 73' lang='grc' dir='ltr'><strong><em>γέγονεν</em></strong></span> <span class='ocrx_word' id='word_1_217' title='bbox 1037 3184 1125 3236; x_wconf 78' lang='grc' dir='ltr'><strong><em>ἔτεσιν</em></strong></span> <span class='ocrx_word' id='word_1_218' title='bbox 1144 3182 1171 3242; x_wconf 76' lang='grc' dir='ltr'><strong>ἓξ</strong></span> <span class='ocrx_word' id='word_1_219' title='bbox 1188 3181 1234 3247; x_wconf 73' lang='grc' dir='ltr'><strong>τῆς</strong></span> <span class='ocrx_word' id='word_1_220' title='bbox 1251 3180 1301 3233; x_wconf 83' lang='grc' dir='ltr'><strong>τοῦ</strong></span> <span class='ocrx_word' id='word_1_221' title='bbox 1322 3187 1385 3234; x_wconf 87' lang='grc' dir='ltr'><strong>Σω-</strong></span> 
     </span>
     <span class='ocr_line' id='line_1_28' title="bbox 208 3264 602 3344; baseline 0.01 -22"><span class='ocrx_word' id='word_1_222' title='bbox 208 3265 323 3341; x_wconf 80' lang='grc' dir='ltr'><strong><em>κράτους</em></strong></span> <span class='ocrx_word' id='word_1_223' title='bbox 340 3272 462 3340; x_wconf 77' lang='grc' dir='ltr'><strong>τελευτῆς</strong></span> <span class='ocrx_word' id='word_1_224' title='bbox 480 3264 602 3344; x_wconf 78' lang='grc' dir='ltr'><strong>ὕστερον.</strong></span> 
     </span>
    </p>
   </div>
   <div class='ocr_carea' id='block_1_4' title="bbox 315 3359 1387 3434">
    <p class='ocr_par' dir='ltr' id='par_1_4' title="bbox 315 3359 1387 3434">
     <span class='ocr_line' id='line_1_29' title="bbox 315 3359 1387 3434; baseline 0.002 -19"><span class='ocrx_word' id='word_1_225' title='bbox 315 3359 343 3432; x_wconf 90' lang='grc'><strong>2)</strong></span> <span class='ocrx_word' id='word_1_226' title='bbox 379 3362 497 3432; x_wconf 83' lang='lat' dir='ltr'>Eadem,</span> <span class='ocrx_word' id='word_1_227' title='bbox 530 3380 602 3434; x_wconf 90' lang='lat' dir='ltr'>quae</span> <span class='ocrx_word' id='word_1_228' title='bbox 621 3361 808 3416; x_wconf 88' lang='lat' dir='ltr'>Schenkelius</span> <span class='ocrx_word' id='word_1_229' title='bbox 840 3362 876 3415; x_wconf 87' lang='lat' dir='ltr'><strong>de</strong></span> <span class='ocrx_word' id='word_1_230' title='bbox 907 3361 1144 3416; x_wconf 87' lang='lat' dir='ltr'>Memorabilibus</span> <span class='ocrx_word' id='word_1_231' title='bbox 1176 3361 1387 3433; x_wconf 88' lang='lat' dir='ltr'>Xenophontis</span> 
     </span>
    </p>
   </div>
   <div class='ocr_carea' id='block_1_5' title="bbox 137 3450 1389 4325">
    <p class='ocr_par' dir='ltr' id='par_1_5' title="bbox 208 3450 1389 3701">
     <span class='ocr_line' id='line_1_30' title="bbox 208 3450 1389 3522; baseline 0.004 -18"><span class='ocrx_word' id='word_1_232' title='bbox 208 3450 382 3522; x_wconf 88' lang='lat' dir='ltr'>scriptorum</span> <span class='ocrx_word' id='word_1_233' title='bbox 401 3451 608 3522; x_wconf 84' lang='lat' dir='ltr'>antiquissimis</span> <span class='ocrx_word' id='word_1_234' title='bbox 627 3451 794 3522; x_wconf 86' lang='lat' dir='ltr'>disputavit,</span> <span class='ocrx_word' id='word_1_235' title='bbox 808 3450 1015 3506; x_wconf 86' lang='lat' dir='ltr'>Delbrueckius</span> <span class='ocrx_word' id='word_1_236' title='bbox 1029 3450 1083 3505; x_wconf 91' lang='lat' dir='ltr'>sibi</span> <span class='ocrx_word' id='word_1_237' title='bbox 1095 3450 1247 3521; x_wconf 86' lang='lat' dir='ltr'>persuasit,</span> <span class='ocrx_word' id='word_1_238' title='bbox 1267 3451 1318 3522; x_wconf 94' lang='lat' dir='ltr'><strong>qui</strong></span> <span class='ocrx_word' id='word_1_239' title='bbox 1337 3455 1389 3508; x_wconf 88' lang='lat' dir='ltr'><strong>vel</strong></span> 
     </span>
     <span class='ocr_line' id='line_1_31' title="bbox 208 3539 1388 3612; baseline 0.004 -19"><span class='ocrx_word' id='word_1_240' title='bbox 208 3539 239 3594; x_wconf 91' lang='lat' dir='ltr'><strong>in</strong></span> <span class='ocrx_word' id='word_1_241' title='bbox 257 3539 328 3594; x_wconf 89' lang='lat' dir='ltr'>Asia</span> <span class='ocrx_word' id='word_1_242' title='bbox 346 3539 421 3595; x_wconf 90' lang='lat' dir='ltr'>inter</span> <span class='ocrx_word' id='word_1_243' title='bbox 439 3558 466 3595; x_wconf 89' lang='lat' dir='ltr'>a.</span> <span class='ocrx_word' id='word_1_244' title='bbox 485 3542 537 3596; x_wconf 89' lang='grc'><strong>399</strong></span> <span class='ocrx_word' id='word_1_245' title='bbox 557 3546 586 3596; x_wconf 89' lang='grc'><strong>61</strong></span> <span class='ocrx_word' id='word_1_246' title='bbox 604 3542 657 3596; x_wconf 90' lang='grc'><strong>396</strong></span> <span class='ocrx_word' id='word_1_247' title='bbox 675 3545 809 3595; x_wconf 89' lang='grc'><strong>66611661</strong></span> <span class='ocrx_word' id='word_1_248' title='bbox 827 3539 934 3595; x_wconf 88' lang='lat' dir='ltr'>librum</span> <span class='ocrx_word' id='word_1_249' title='bbox 958 3545 1055 3595; x_wconf 89' lang='lat' dir='ltr'>ortum</span> <span class='ocrx_word' id='word_1_250' title='bbox 1078 3557 1139 3594; x_wconf 89' lang='grc'><strong>6666</strong></span> <span class='ocrx_word' id='word_1_251' title='bbox 1166 3541 1277 3595; x_wconf 87' lang='grc'><strong>6666611</strong></span> <span class='ocrx_word' id='word_1_252' title='bbox 1296 3541 1388 3612; x_wconf 82' lang='grc' dir='ltr'><strong>(Χ66.</strong></span> 
     </span>
     <span class='ocr_line' id='line_1_32' title="bbox 208 3629 1084 3701; baseline 0 -18"><span class='ocrx_word' id='word_1_253' title='bbox 208 3648 234 3701; x_wconf 91' lang='grc'><strong>6.</strong></span> <span class='ocrx_word' id='word_1_254' title='bbox 256 3630 291 3683; x_wconf 82' lang='lat'><strong>59</strong></span> <span class='ocrx_word' id='word_1_255' title='bbox 309 3648 337 3683; x_wconf 93' lang='grc'><strong>6.</strong></span> <span class='ocrx_word' id='word_1_256' title='bbox 361 3629 414 3700; x_wconf 91' lang='grc'><strong>10),</strong></span> <span class='ocrx_word' id='word_1_257' title='bbox 434 3648 558 3701; x_wconf 93' lang='lat' dir='ltr'>quocum</span> <span class='ocrx_word' id='word_1_258' title='bbox 577 3629 721 3685; x_wconf 89' lang='lat' dir='ltr'>consentit</span> <span class='ocrx_word' id='word_1_259' title='bbox 740 3629 914 3684; x_wconf 89' lang='lat' dir='ltr'>Kuehnerus</span> <span class='ocrx_word' id='word_1_260' title='bbox 933 3630 975 3684; x_wconf 92' lang='lat' dir='ltr'><strong>ed.</strong></span> <span class='ocrx_word' id='word_1_261' title='bbox 994 3649 1022 3701; x_wconf 89' lang='lat' dir='ltr'><strong>p.</strong></span> <span class='ocrx_word' id='word_1_262' title='bbox 1042 3631 1084 3684; x_wconf 85' lang='lat'><strong>36.</strong></span> 
     </span>
    </p>

    <p class='ocr_par' dir='ltr' id='par_1_6' title="bbox 137 3718 1389 4325">
     <span class='ocr_line' id='line_1_33' title="bbox 315 3718 1389 3791; baseline 0.003 -19"><span class='ocrx_word' id='word_1_263' title='bbox 315 3720 344 3787; x_wconf 89' lang='grc'><strong>3)</strong></span> <span class='ocrx_word' id='word_1_264' title='bbox 381 3719 511 3774; x_wconf 88' lang='lat' dir='ltr'>Blassius</span> <span class='ocrx_word' id='word_1_265' title='bbox 529 3720 602 3786; x_wconf 81' lang='lat' dir='ltr'>(Att.</span> <span class='ocrx_word' id='word_1_266' title='bbox 621 3718 737 3774; x_wconf 89' lang='lat' dir='ltr'>Bereds.</span> <span class='ocrx_word' id='word_1_267' title='bbox 757 3719 788 3773; x_wconf 92' lang='grc' dir='ltr'><strong>ΙΙ</strong></span> <span class='ocrx_word' id='word_1_268' title='bbox 805 3718 870 3788; x_wconf 88' lang='grc'><strong>226)</strong></span> <span class='ocrx_word' id='word_1_269' title='bbox 888 3719 1026 3774; x_wconf 89' lang='lat' dir='ltr'>Isocratis</span> <span class='ocrx_word' id='word_1_270' title='bbox 1049 3718 1177 3774; x_wconf 92' lang='lat' dir='ltr'>Busirim</span> <span class='ocrx_word' id='word_1_271' title='bbox 1196 3719 1292 3790; x_wconf 85' lang='lat' dir='ltr'>paullo</span> <span class='ocrx_word' id='word_1_272' title='bbox 1317 3727 1389 3791; x_wconf 86' lang='lat' dir='ltr'>post</span> 
     </span>
     <span class='ocr_line' id='line_1_34' title="bbox 209 3802 1389 3880; baseline 0.002 -18"><span class='ocrx_word' id='word_1_273' title='bbox 209 3808 373 3879; x_wconf 88' lang='lat' dir='ltr'>Polycratis</span> <span class='ocrx_word' id='word_1_274' title='bbox 392 3808 519 3863; x_wconf 88' lang='lat' dir='ltr'>Busirim</span> <span class='ocrx_word' id='word_1_275' title='bbox 537 3808 719 3880; x_wconf 89' lang='lat' dir='ltr'>Socratisque</span> <span class='ocrx_word' id='word_1_276' title='bbox 743 3807 954 3863; x_wconf 86' lang='lat' dir='ltr'>accusationem</span> <span class='ocrx_word' id='word_1_277' title='bbox 973 3802 1083 3862; x_wconf 76' lang='lat' dir='ltr'>editum</span> <span class='ocrx_word' id='word_1_278' title='bbox 1110 3826 1170 3862; x_wconf 91' lang='lat' dir='ltr'><strong>non</strong></span> <span class='ocrx_word' id='word_1_279' title='bbox 1197 3808 1258 3862; x_wconf 88' lang='lat' dir='ltr'>sine</span> <span class='ocrx_word' id='word_1_280' title='bbox 1285 3809 1389 3879; x_wconf 83' lang='lat' dir='ltr'>aliqua</span> 
     </span>
     <span class='ocr_line' id='line_1_35' title="bbox 209 3897 1389 3971; baseline 0.002 -20"><span class='ocrx_word' id='word_1_281' title='bbox 209 3897 422 3970; x_wconf 89' lang='lat' dir='ltr'>probabilitatis</span> <span class='ocrx_word' id='word_1_282' title='bbox 453 3897 546 3970; x_wconf 89' lang='grc'><strong>666616</strong></span> <span class='ocrx_word' id='word_1_283' title='bbox 573 3898 611 3951; x_wconf 85' lang='lat' dir='ltr'>ad</span> <span class='ocrx_word' id='word_1_284' title='bbox 638 3897 814 3969; x_wconf 84' lang='lat' dir='ltr'>Panegyrici</span> <span class='ocrx_word' id='word_1_285' title='bbox 840 3902 954 3971; x_wconf 83' lang='lat' dir='ltr'>tempus</span> <span class='ocrx_word' id='word_1_286' title='bbox 980 3897 1087 3967; x_wconf 89' lang='lat' dir='ltr'>reiecit,</span> <span class='ocrx_word' id='word_1_287' title='bbox 1116 3897 1164 3967; x_wconf 93' lang='lat' dir='ltr'><strong>qui</strong></span> <span class='ocrx_word' id='word_1_288' title='bbox 1192 3898 1245 3951; x_wconf 82' lang='lat'><strong>385</strong></span> <span class='ocrx_word' id='word_1_289' title='bbox 1263 3897 1311 3953; x_wconf 89' lang='lat' dir='ltr'><strong>vel</strong></span> <span class='ocrx_word' id='word_1_290' title='bbox 1331 3899 1389 3953; x_wconf 84' lang='lat'><strong>380</strong></span> 
     </span>
     <span class='ocr_line' id='line_1_36' title="bbox 211 3986 1388 4060; baseline 0.001 -18"><span class='ocrx_word' id='word_1_291' title='bbox 211 3987 387 4060; x_wconf 86' lang='lat' dir='ltr'>compositus</span> <span class='ocrx_word' id='word_1_292' title='bbox 406 3994 450 4042; x_wconf 89' lang='lat' dir='ltr'><strong>est</strong></span> <span class='ocrx_word' id='word_1_293' title='bbox 468 3986 572 4058; x_wconf 78' lang='lat' dir='ltr'>(Blass</span> <span class='ocrx_word' id='word_1_294' title='bbox 592 3987 610 4041; x_wconf 89' lang='lat' dir='ltr'><strong>l.</strong></span> <span class='ocrx_word' id='word_1_295' title='bbox 628 3987 646 4041; x_wconf 93' lang='lat' dir='ltr'><strong>l.</strong></span> <span class='ocrx_word' id='word_1_296' title='bbox 666 4006 693 4058; x_wconf 91' lang='lat' dir='ltr'><strong>p.</strong></span> <span class='ocrx_word' id='word_1_297' title='bbox 704 3986 777 4057; x_wconf 88' lang='grc'><strong>230),</strong></span> <span class='ocrx_word' id='word_1_298' title='bbox 803 4004 869 4041; x_wconf 90' lang='grc'><strong>6616</strong></span> <span class='ocrx_word' id='word_1_299' title='bbox 887 3987 1030 4042; x_wconf 88' lang='lat' dir='ltr'>Isocrates</span> <span class='ocrx_word' id='word_1_300' title='bbox 1049 3986 1209 4058; x_wconf 88' lang='lat' dir='ltr'>sophistam</span> <span class='ocrx_word' id='word_1_301' title='bbox 1227 3987 1388 4058; x_wconf 86' lang='lat' dir='ltr'>probatum</span> 
     </span>
     <span class='ocr_line' id='line_1_37' title="bbox 210 4075 1387 4149; baseline 0.001 -18"><span class='ocrx_word' id='word_1_302' title='bbox 210 4082 428 4149; x_wconf 86' lang='lat' dir='ltr'>spectatumque</span> <span class='ocrx_word' id='word_1_303' title='bbox 441 4093 471 4131; x_wconf 88' lang='lat' dir='ltr'><strong>se</strong></span> <span class='ocrx_word' id='word_1_304' title='bbox 484 4081 574 4147; x_wconf 83' lang='lat' dir='ltr'>gerat.</span> <span class='ocrx_word' id='word_1_305' title='bbox 590 4106 621 4114; x_wconf 92' lang='lat'><em>-</em></span> <span class='ocrx_word' id='word_1_306' title='bbox 635 4075 709 4130; x_wconf 90' lang='lat' dir='ltr'>Mihi</span> <span class='ocrx_word' id='word_1_307' title='bbox 724 4077 759 4130; x_wconf 90' lang='lat' dir='ltr'><strong>de</strong></span> <span class='ocrx_word' id='word_1_308' title='bbox 768 4077 924 4146; x_wconf 88' lang='lat' dir='ltr'>Polycrate</span> <span class='ocrx_word' id='word_1_309' title='bbox 936 4077 1010 4131; x_wconf 91' lang='lat' dir='ltr'>nihil</span> <span class='ocrx_word' id='word_1_310' title='bbox 1023 4076 1100 4131; x_wconf 88' lang='lat' dir='ltr'>aliud</span> <span class='ocrx_word' id='word_1_311' title='bbox 1114 4082 1245 4131; x_wconf 85' lang='lat' dir='ltr'>constare</span> <span class='ocrx_word' id='word_1_312' title='bbox 1257 4075 1387 4148; x_wconf 89' lang='lat' dir='ltr'>videtur,</span> 
     </span>
     <span class='ocr_line' id='line_1_38' title="bbox 212 4163 1389 4237; baseline 0.003 -19"><span class='ocrx_word' id='word_1_313' title='bbox 212 4183 299 4236; x_wconf 92' lang='lat' dir='ltr'>quam</span> <span class='ocrx_word' id='word_1_314' title='bbox 317 4166 395 4236; x_wconf 91' lang='lat' dir='ltr'>quod</span> <span class='ocrx_word' id='word_1_315' title='bbox 412 4181 479 4219; x_wconf 91' lang='lat' dir='ltr'><strong>eum</strong></span> <span class='ocrx_word' id='word_1_316' title='bbox 496 4163 573 4218; x_wconf 89' lang='lat' dir='ltr'>inter</span> <span class='ocrx_word' id='word_1_317' title='bbox 590 4182 615 4218; x_wconf 90' lang='lat' dir='ltr'>a.</span> <span class='ocrx_word' id='word_1_318' title='bbox 634 4164 687 4219; x_wconf 88' lang='grc'><strong>393</strong></span> <span class='ocrx_word' id='word_1_319' title='bbox 701 4171 730 4220; x_wconf 90' lang='grc'><strong>61</strong></span> <span class='ocrx_word' id='word_1_320' title='bbox 742 4166 796 4219; x_wconf 90' lang='grc'><strong>380</strong></span> <span class='ocrx_word' id='word_1_321' title='bbox 808 4165 955 4236; x_wconf 89' lang='grc'><strong>6611661666</strong></span> <span class='ocrx_word' id='word_1_322' title='bbox 974 4170 1096 4237; x_wconf 88' lang='lat' dir='ltr'>oportet,</span> <span class='ocrx_word' id='word_1_323' title='bbox 1115 4183 1181 4220; x_wconf 90' lang='lat' dir='ltr'><strong>cum</strong></span> <span class='ocrx_word' id='word_1_324' title='bbox 1194 4165 1298 4236; x_wconf 87' lang='lat' dir='ltr'>Lysias</span> <span class='ocrx_word' id='word_1_325' title='bbox 1318 4184 1389 4221; x_wconf 88' lang='lat' dir='ltr'><strong>cum</strong></span> 
     </span>
     <span class='ocr_line' id='line_1_39' title="bbox 137 4253 1388 4325; baseline 0 -16"><span class='ocrx_word' id='word_1_326' title='bbox 137 4310 141 4319; x_wconf 81' lang='grc'><strong>,</strong></span> <span class='ocrx_word' id='word_1_327' title='bbox 212 4253 266 4309; x_wconf 85' lang='lat' dir='ltr'>sibi</span> <span class='ocrx_word' id='word_1_328' title='bbox 284 4254 474 4309; x_wconf 86' lang='lat' dir='ltr'>refellendum</span> <span class='ocrx_word' id='word_1_329' title='bbox 493 4258 627 4323; x_wconf 88' lang='lat' dir='ltr'>sumeret,</span> <span class='ocrx_word' id='word_1_330' title='bbox 647 4255 727 4308; x_wconf 89' lang='lat' dir='ltr'>cuius</span> <span class='ocrx_word' id='word_1_331' title='bbox 741 4254 851 4308; x_wconf 88' lang='lat' dir='ltr'>nullam</span> <span class='ocrx_word' id='word_1_332' title='bbox 864 4254 1021 4325; x_wconf 82' lang='lat' dir='ltr'>genuinam</span> <span class='ocrx_word' id='word_1_333' title='bbox 1033 4254 1193 4309; x_wconf 89' lang='lat' dir='ltr'>orationem</span> <span class='ocrx_word' id='word_1_334' title='bbox 1206 4258 1271 4324; x_wconf 90' lang='lat' dir='ltr'>post</span> <span class='ocrx_word' id='word_1_335' title='bbox 1290 4272 1316 4308; x_wconf 89' lang='grc'><strong>6.</strong></span> <span class='ocrx_word' id='word_1_336' title='bbox 1331 4256 1388 4309; x_wconf 88' lang='grc'><strong>380</strong></span> 
     </span>
    </p>
   </div>
   <div class='ocr_carea' id='block_1_6' title="bbox 134 4341 1331 4419">
    <p class='ocr_par' dir='ltr' id='par_1_7' title="bbox 134 4341 1331 4419">
     <span class='ocr_line' id='line_1_40' title="bbox 134 4341 1331 4419; baseline -0.002 -21"><span class='ocrx_word' id='word_1_337' title='bbox 134 4414 137 4419; x_wconf 14' lang='grc' dir='ltr'><strong>Δ</strong></span> <span class='ocrx_word' id='word_1_338' title='bbox 212 4342 402 4416; x_wconf 89' lang='lat' dir='ltr'>compositam</span> <span class='ocrx_word' id='word_1_339' title='bbox 420 4341 578 4413; x_wconf 88' lang='lat' dir='ltr'>Dionysius</span> <span class='ocrx_word' id='word_1_340' title='bbox 596 4343 662 4398; x_wconf 88' lang='lat' dir='ltr'>Hal.</span> <span class='ocrx_word' id='word_1_341' title='bbox 682 4342 753 4416; x_wconf 83' lang='lat' dir='ltr'>legit</span> <span class='ocrx_word' id='word_1_342' title='bbox 772 4341 818 4413; x_wconf 88' lang='lat' dir='ltr'><strong>(de</strong></span> <span class='ocrx_word' id='word_1_343' title='bbox 835 4343 903 4414; x_wconf 82' lang='lat' dir='ltr'><strong>Lys</strong></span> <span class='ocrx_word' id='word_1_344' title='bbox 923 4342 984 4397; x_wconf 90' lang='lat' dir='ltr'><strong>XII</strong></span> <span class='ocrx_word' id='word_1_345' title='bbox 990 4361 996 4412; x_wconf 71' lang='grc' dir='ltr'>ς</span> <span class='ocrx_word' id='word_1_346' title='bbox 1015 4343 1099 4397; x_wconf 84' lang='lat' dir='ltr'>Blass</span> <span class='ocrx_word' id='word_1_347' title='bbox 1118 4342 1151 4399; x_wconf 84' lang='lat' dir='ltr'><strong>A.</strong></span> <span class='ocrx_word' id='word_1_348' title='bbox 1171 4343 1205 4396; x_wconf 87' lang='lat' dir='ltr'><strong>B.</strong></span> <span class='ocrx_word' id='word_1_349' title='bbox 1224 4343 1240 4396; x_wconf 90' lang='lat'>1</span> <span class='ocrx_word' id='word_1_350' title='bbox 1258 4342 1331 4412; x_wconf 82' lang='grc'><strong>335).</strong></span> 
     </span>
    </p>
   </div>
   <div class='ocr_carea' id='block_1_7' title="bbox 0 0 1454 4852">
    <p class='ocr_par' dir='ltr' id='par_1_8' title="bbox 0 0 1454 4852">
     <span class='ocr_line' id='line_1_41' title="bbox 0 0 1454 4852; baseline 0 0"><span class='ocrx_word' id='word_1_351' title='bbox 0 0 1454 4852; x_wconf 95' lang='lat' dir='ltr'><strong> </strong></span> 
     </span>
    </p>
   </div>
  </div>
 </body>
</html>
