<?xml version="1.0" encoding="UTF-8"?>
<!DOCTYPE html PUBLIC "-//W3C//DTD XHTML 1.0 Transitional//EN"
    "http://www.w3.org/TR/xhtml1/DTD/xhtml1-transitional.dtd">
<html xmlns="http://www.w3.org/1999/xhtml" xml:lang="en" lang="en">
 <head>
  <title>
</title>
<meta http-equiv="Content-Type" content="text/html;charset=utf-8" />
  <meta name='ocr-system' content='tesseract 3.04.00' />
  <meta name='ocr-capabilities' content='ocr_page ocr_carea ocr_par ocr_line ocrx_word'/>
</head>
<body>
  <div class='ocr_page' id='page_1' title='image "./dexenophontisvi01roqugoog_0027.png"; bbox 0 0 2880 4852; ppageno 0'>
   <div class='ocr_carea' id='block_1_1' title="bbox 684 226 903 294">
    <p class='ocr_par' dir='ltr' id='par_1_1' title="bbox 684 226 903 294">
     <span class='ocr_line' id='line_1_1' title="bbox 684 226 903 294; baseline 0 -20"><span class='ocrx_word' id='word_1_1' title='bbox 684 226 903 294; x_wconf 67' lang='lat'>..18-</span> 
     </span>
    </p>
   </div>
   <div class='ocr_carea' id='block_1_2' title="bbox 192 405 1383 2204">
    <p class='ocr_par' dir='ltr' id='par_1_2' title="bbox 192 405 1383 2204">
     <span class='ocr_line' id='line_1_2' title="bbox 207 405 1380 493; baseline 0.001 -22"><span class='ocrx_word' id='word_1_2' title='bbox 207 405 328 472; x_wconf 90' lang='lat' dir='ltr'><strong>Persas</strong></span> <span class='ocrx_word' id='word_1_3' title='bbox 351 405 473 472; x_wconf 90' lang='lat' dir='ltr'><strong>melius</strong></span> <span class='ocrx_word' id='word_1_4' title='bbox 498 408 653 493; x_wconf 89' lang='lat' dir='ltr'><strong>cognitos</strong></span> <span class='ocrx_word' id='word_1_5' title='bbox 677 407 826 473; x_wconf 91' lang='lat' dir='ltr'><strong>haberet.</strong></span> <span class='ocrx_word' id='word_1_6' title='bbox 883 409 1019 473; x_wconf 90' lang='lat' dir='ltr'><strong>Patriae</strong></span> <span class='ocrx_word' id='word_1_7' title='bbox 1042 432 1123 474; x_wconf 82' lang='lat' dir='ltr'><strong>vero</strong></span> <span class='ocrx_word' id='word_1_8' title='bbox 1147 408 1229 474; x_wconf 89' lang='lat' dir='ltr'><strong>adeo</strong></span> <span class='ocrx_word' id='word_1_9' title='bbox 1253 409 1380 474; x_wconf 90' lang='lat' dir='ltr'><strong>oblitus</strong></span> 
     </span>
     <span class='ocr_line' id='line_1_3' title="bbox 208 509 1382 602; baseline 0.002 -24"><span class='ocrx_word' id='word_1_10' title='bbox 208 518 269 598; x_wconf 81' lang='lat' dir='ltr'><strong>est,</strong></span> <span class='ocrx_word' id='word_1_11' title='bbox 293 520 333 578; x_wconf 90' lang='lat' dir='ltr'><strong>ut</strong></span> <span class='ocrx_word' id='word_1_12' title='bbox 356 537 433 579; x_wconf 92' lang='lat' dir='ltr'><strong>cum</strong></span> <span class='ocrx_word' id='word_1_13' title='bbox 448 509 630 599; x_wconf 74' lang='lat' dir='ltr'><strong>Agesilaus</strong></span> <span class='ocrx_word' id='word_1_14' title='bbox 653 522 792 600; x_wconf 91' lang='lat' dir='ltr'><strong>propter</strong></span> <span class='ocrx_word' id='word_1_15' title='bbox 811 515 939 580; x_wconf 91' lang='lat' dir='ltr'><strong>bellum</strong></span> <span class='ocrx_word' id='word_1_16' title='bbox 959 515 996 579; x_wconf 91' lang='lat' dir='ltr'><strong>in</strong></span> <span class='ocrx_word' id='word_1_17' title='bbox 1013 516 1087 602; x_wconf 91' lang='lat' dir='ltr'><strong>ipsa</strong></span> <span class='ocrx_word' id='word_1_18' title='bbox 1103 517 1246 581; x_wconf 80' lang='lat' dir='ltr'><strong>Graecia</strong></span> <span class='ocrx_word' id='word_1_19' title='bbox 1263 523 1382 581; x_wconf 89' lang='lat' dir='ltr'><strong>contra</strong></span> 
     </span>
     <span class='ocr_line' id='line_1_4' title="bbox 206 620 1383 706; baseline 0.003 -22"><span class='ocrx_word' id='word_1_20' title='bbox 206 620 492 686; x_wconf 88' lang='lat' dir='ltr'><strong>Lacedaemonios</strong></span> <span class='ocrx_word' id='word_1_21' title='bbox 516 628 627 685; x_wconf 92' lang='lat' dir='ltr'><strong>ortum</strong></span> <span class='ocrx_word' id='word_1_22' title='bbox 652 644 693 686; x_wconf 86' lang='lat' dir='ltr'><strong>ex</strong></span> <span class='ocrx_word' id='word_1_23' title='bbox 716 621 800 686; x_wconf 90' lang='lat' dir='ltr'><strong>Asia</strong></span> <span class='ocrx_word' id='word_1_24' title='bbox 827 628 1051 706; x_wconf 85' lang='lat' dir='ltr'><strong>revocaretur,</strong></span> <span class='ocrx_word' id='word_1_25' title='bbox 1089 646 1166 687; x_wconf 92' lang='lat' dir='ltr'><strong>cum</strong></span> <span class='ocrx_word' id='word_1_26' title='bbox 1194 646 1232 688; x_wconf 92' lang='lat' dir='ltr'><strong>eo</strong></span> <span class='ocrx_word' id='word_1_27' title='bbox 1263 631 1383 688; x_wconf 89' lang='lat' dir='ltr'><strong>contra</strong></span> 
     </span>
     <span class='ocr_line' id='line_1_5' title="bbox 207 727 1381 815; baseline 0.001 -22"><span class='ocrx_word' id='word_1_28' title='bbox 207 728 355 793; x_wconf 82' lang='lat' dir='ltr'><strong>Graecos</strong></span> <span class='ocrx_word' id='word_1_29' title='bbox 384 733 419 792; x_wconf 94' lang='lat' dir='ltr'><strong>et</strong></span> <span class='ocrx_word' id='word_1_30' title='bbox 450 728 542 814; x_wconf 90' lang='lat' dir='ltr'><strong>ipsos</strong></span> <span class='ocrx_word' id='word_1_31' title='bbox 566 728 796 793; x_wconf 74' lang='lat' dir='ltr'><strong>Athenienses</strong></span> <span class='ocrx_word' id='word_1_32' title='bbox 829 729 1101 815; x_wconf 88' lang='lat' dir='ltr'><strong>proficisceretur</strong></span> <span class='ocrx_word' id='word_1_33' title='bbox 1131 727 1212 814; x_wconf 87' lang='lat' dir='ltr'><strong>(An.</strong></span> <span class='ocrx_word' id='word_1_34' title='bbox 1236 732 1268 796; x_wconf 96' lang='lat' dir='ltr'>V</span> <span class='ocrx_word' id='word_1_35' title='bbox 1291 732 1321 814; x_wconf 84' lang='lat'><strong>3,</strong></span> <span class='ocrx_word' id='word_1_36' title='bbox 1347 730 1381 809; x_wconf 85' lang='lat'><strong>6)</strong></span> 
     </span>
     <span class='ocr_line' id='line_1_6' title="bbox 207 834 1383 923; baseline 0.002 -25"><span class='ocrx_word' id='word_1_37' title='bbox 207 834 302 899; x_wconf 92' lang='lat' dir='ltr'><strong>etin</strong></span> <span class='ocrx_word' id='word_1_38' title='bbox 325 858 442 921; x_wconf 86' lang='lat' dir='ltr'><strong>pugna</strong></span> <span class='ocrx_word' id='word_1_39' title='bbox 458 835 655 919; x_wconf 71' lang='lat' dir='ltr'><strong>Coroneum,</strong></span> <span class='ocrx_word' id='word_1_40' title='bbox 681 858 782 920; x_wconf 93' lang='lat' dir='ltr'><strong>quam</strong></span> <span class='ocrx_word' id='word_1_41' title='bbox 806 835 992 901; x_wconf 90' lang='lat' dir='ltr'><strong>secundum</strong></span> <span class='ocrx_word' id='word_1_42' title='bbox 1015 844 1165 902; x_wconf 89' lang='lat' dir='ltr'><strong>nostram</strong></span> <span class='ocrx_word' id='word_1_43' title='bbox 1189 845 1383 923; x_wconf 89' lang='lat' dir='ltr'><strong>temporum</strong></span> 
     </span>
     <span class='ocr_line' id='line_1_7' title="bbox 205 940 1382 1030; baseline 0.002 -25"><span class='ocrx_word' id='word_1_44' title='bbox 205 941 375 1006; x_wconf 89' lang='lat' dir='ltr'><strong>rationem</strong></span> <span class='ocrx_word' id='word_1_45' title='bbox 396 940 499 1027; x_wconf 91' lang='lat' dir='ltr'><strong>paulo</strong></span> <span class='ocrx_word' id='word_1_46' title='bbox 524 947 601 1028; x_wconf 92' lang='lat' dir='ltr'><strong>post</strong></span> <span class='ocrx_word' id='word_1_47' title='bbox 625 941 656 1007; x_wconf 92' lang='lat' dir='ltr'><strong>d.</strong></span> <span class='ocrx_word' id='word_1_48' title='bbox 673 943 762 1008; x_wconf 91' lang='lat' dir='ltr'><strong>XIV</strong></span> <span class='ocrx_word' id='word_1_49' title='bbox 784 944 912 1008; x_wconf 83' lang='lat' dir='ltr'><strong>mensis</strong></span> <span class='ocrx_word' id='word_1_50' title='bbox 928 944 1018 1030; x_wconf 91' lang='lat' dir='ltr'><strong>Aug.</strong></span> <span class='ocrx_word' id='word_1_51' title='bbox 1037 967 1064 1008; x_wconf 90' lang='lat' dir='ltr'><strong>a.</strong></span> <span class='ocrx_word' id='word_1_52' title='bbox 1084 945 1151 1008; x_wconf 80' lang='lat'><strong>394</strong></span> <span class='ocrx_word' id='word_1_53' title='bbox 1167 944 1382 1009; x_wconf 80' lang='lat' dir='ltr'><strong>commissam</strong></span> 
     </span>
     <span class='ocr_line' id='line_1_8' title="bbox 207 1034 1380 1134; baseline 0.003 -22"><span class='ocrx_word' id='word_1_54' title='bbox 207 1070 281 1112; x_wconf 90' lang='lat' dir='ltr'><strong>esse</strong></span> <span class='ocrx_word' id='word_1_55' title='bbox 316 1048 396 1113; x_wconf 88' lang='lat' dir='ltr'><strong>solis</strong></span> <span class='ocrx_word' id='word_1_56' title='bbox 438 1047 574 1113; x_wconf 81' lang='lat' dir='ltr'><strong>defectu</strong></span> <span class='ocrx_word' id='word_1_57' title='bbox 614 1049 696 1114; x_wconf 91' lang='lat' dir='ltr'><strong>satis</strong></span> <span class='ocrx_word' id='word_1_58' title='bbox 737 1034 870 1115; x_wconf 88' lang='lat' dir='ltr'><strong>constat</strong></span> <span class='ocrx_word' id='word_1_59' title='bbox 904 1047 1009 1131; x_wconf 84' lang='lat' dir='ltr'><strong>(Hell.</strong></span> <span class='ocrx_word' id='word_1_60' title='bbox 1042 1051 1093 1116; x_wconf 94' lang='lat' dir='ltr'><strong>IV</strong></span> <span class='ocrx_word' id='word_1_61' title='bbox 1125 1052 1155 1134; x_wconf 88' lang='lat'><strong>3,</strong></span> <span class='ocrx_word' id='word_1_62' title='bbox 1188 1052 1243 1134; x_wconf 87' lang='lat'><strong>10;</strong></span> <span class='ocrx_word' id='word_1_63' title='bbox 1287 1052 1380 1116; x_wconf 92' lang='lat' dir='ltr'><strong>Plut.</strong></span> 
     </span>
     <span class='ocr_line' id='line_1_9' title="bbox 192 1143 1381 1244; baseline 0.002 -25"><span class='ocrx_word' id='word_1_64' title='bbox 192 1154 312 1240; x_wconf 17' lang='lat' dir='ltr'><strong>&#39;Ages</strong></span> <span class='ocrx_word' id='word_1_65' title='bbox 340 1156 390 1220; x_wconf 85' lang='lat'><strong>13.</strong></span> <span class='ocrx_word' id='word_1_66' title='bbox 416 1153 475 1221; x_wconf 86' lang='lat' dir='ltr'><strong>cfr.</strong></span> <span class='ocrx_word' id='word_1_67' title='bbox 500 1155 602 1221; x_wconf 88' lang='lat' dir='ltr'><strong>Zech.</strong></span> <span class='ocrx_word' id='word_1_68' title='bbox 635 1156 702 1220; x_wconf 92' lang='lat' dir='ltr'><strong>Die</strong></span> <span class='ocrx_word' id='word_1_69' title='bbox 724 1156 946 1242; x_wconf 87' lang='lat' dir='ltr'><strong>wichtigsten</strong></span> <span class='ocrx_word' id='word_1_70' title='bbox 962 1143 1195 1222; x_wconf 82' lang='lat' dir='ltr'><strong>Finsternisse</strong></span> <span class='ocrx_word' id='word_1_71' title='bbox 1207 1182 1240 1244; x_wconf 89' lang='lat' dir='ltr'><strong>p.</strong></span> <span class='ocrx_word' id='word_1_72' title='bbox 1255 1159 1307 1221; x_wconf 85' lang='lat'><strong>33.</strong></span> <span class='ocrx_word' id='word_1_73' title='bbox 1321 1157 1381 1236; x_wconf 87' lang='grc'><strong>46)</strong></span> 
     </span>
     <span class='ocr_line' id='line_1_10' title="bbox 207 1258 1383 1348; baseline 0.002 -22"><span class='ocrx_word' id='word_1_74' title='bbox 207 1269 324 1327; x_wconf 91' lang='lat' dir='ltr'><strong>contra</strong></span> <span class='ocrx_word' id='word_1_75' title='bbox 348 1262 455 1348; x_wconf 91' lang='lat' dir='ltr'><strong>ipsius</strong></span> <span class='ocrx_word' id='word_1_76' title='bbox 479 1263 571 1327; x_wconf 85' lang='lat' dir='ltr'><strong>cives</strong></span> <span class='ocrx_word' id='word_1_77' title='bbox 586 1286 678 1327; x_wconf 87' lang='lat' dir='ltr'><strong>arma</strong></span> <span class='ocrx_word' id='word_1_78' title='bbox 693 1262 798 1328; x_wconf 88' lang='lat' dir='ltr'><strong>ferret</strong></span> <span class='ocrx_word' id='word_1_79' title='bbox 806 1258 839 1343; x_wconf 84' lang='grc'><strong>1).</strong></span> <span class='ocrx_word' id='word_1_80' title='bbox 866 1264 965 1341; x_wconf 77' lang='lat' dir='ltr'><strong>Quod</strong></span> <span class='ocrx_word' id='word_1_81' title='bbox 980 1288 1000 1328; x_wconf 90' lang='lat' dir='ltr'><strong>a</strong></span> <span class='ocrx_word' id='word_1_82' title='bbox 1015 1265 1199 1330; x_wconf 70' lang='lat' dir='ltr'>Plutarcho</span> <span class='ocrx_word' id='word_1_83' title='bbox 1215 1265 1383 1330; x_wconf 88' lang='lat' dir='ltr'><strong>traditum</strong></span> 
     </span>
     <span class='ocr_line' id='line_1_11' title="bbox 207 1363 1383 1456; baseline -0.002 -23"><span class='ocrx_word' id='word_1_84' title='bbox 207 1376 268 1453; x_wconf 83' lang='lat' dir='ltr'><strong>est,</strong></span> <span class='ocrx_word' id='word_1_85' title='bbox 293 1369 352 1454; x_wconf 92' lang='lat' dir='ltr'><strong>qui</strong></span> <span class='ocrx_word' id='word_1_86' title='bbox 374 1369 466 1434; x_wconf 86' lang='lat' dir='ltr'><strong>vitae</strong></span> <span class='ocrx_word' id='word_1_87' title='bbox 489 1369 645 1456; x_wconf 78' lang='lat' dir='ltr'><strong>Agesilai</strong></span> <span class='ocrx_word' id='word_1_88' title='bbox 669 1392 739 1456; x_wconf 91' lang='lat' dir='ltr'><strong>cap.</strong></span> <span class='ocrx_word' id='word_1_89' title='bbox 758 1371 881 1435; x_wconf 88' lang='lat' dir='ltr'>XVIII</span> <span class='ocrx_word' id='word_1_90' title='bbox 902 1371 986 1455; x_wconf 85' lang='lat' dir='ltr'><strong>haec</strong></span> <span class='ocrx_word' id='word_1_91' title='bbox 1002 1371 1117 1436; x_wconf 89' lang='lat' dir='ltr'><strong>docet:</strong></span> <span class='ocrx_word' id='word_1_92' title='bbox 1142 1366 1245 1452; x_wconf 82' lang='grc' dir='ltr'><em>Λέγει</em></span> <span class='ocrx_word' id='word_1_93' title='bbox 1263 1365 1298 1431; x_wconf 78' lang='grc' dir='ltr'><strong>δὲ</strong></span> <span class='ocrx_word' id='word_1_94' title='bbox 1322 1363 1383 1456; x_wconf 81' lang='grc' dir='ltr'><strong>την</strong></span> 
     </span>
     <span class='ocr_line' id='line_1_12' title="bbox 205 1465 1382 1562; baseline 0.001 -27"><span class='ocrx_word' id='word_1_95' title='bbox 205 1467 314 1560; x_wconf 83' lang='grc' dir='ltr'><em>μα’χην</em></span> <span class='ocrx_word' id='word_1_96' title='bbox 338 1465 355 1536; x_wconf 81' lang='grc' dir='ltr'><em>ὃ</em></span> <span class='ocrx_word' id='word_1_97' title='bbox 381 1472 535 1561; x_wconf 81' lang='grc' dir='ltr'><em>Ξενοφῶν</em></span> <span class='ocrx_word' id='word_1_98' title='bbox 558 1470 682 1561; x_wconf 77' lang='grc' dir='ltr'><em>ἐκείνην</em></span> <span class='ocrx_word' id='word_1_99' title='bbox 706 1474 779 1537; x_wconf 82' lang='grc' dir='ltr'><em>οἵαν</em></span> <span class='ocrx_word' id='word_1_100' title='bbox 796 1465 854 1537; x_wconf 79' lang='grc' dir='ltr'><strong>οὐκ</strong></span> <span class='ocrx_word' id='word_1_101' title='bbox 870 1465 972 1562; x_wconf 74' lang='grc' dir='ltr'><em>ιἰἷλλην</em></span> <span class='ocrx_word' id='word_1_102' title='bbox 986 1477 1051 1538; x_wconf 92' lang='grc' dir='ltr'><strong>τῶν</strong></span> <span class='ocrx_word' id='word_1_103' title='bbox 1066 1469 1209 1539; x_wconf 78' lang='grc' dir='ltr'><em>ττῶτιστε</em></span> <span class='ocrx_word' id='word_1_104' title='bbox 1225 1472 1382 1558; x_wconf 70' lang='grc' dir='ltr'><em>γενέσθαι</em></span> 
     </span>
     <span class='ocr_line' id='line_1_13' title="bbox 205 1572 1382 1670; baseline 0.001 -27"><span class='ocrx_word' id='word_1_105' title='bbox 205 1577 263 1643; x_wconf 80' lang='grc' dir='ltr'><strong>καὶ</strong></span> <span class='ocrx_word' id='word_1_106' title='bbox 292 1582 404 1667; x_wconf 79' lang='grc' dir='ltr'><em>παρῆν</em></span> <span class='ocrx_word' id='word_1_107' title='bbox 440 1572 539 1656; x_wconf 74' lang='grc' dir='ltr'><em>αὐτὸς</em></span> <span class='ocrx_word' id='word_1_108' title='bbox 575 1583 623 1665; x_wconf 75' lang='lat' dir='ltr'><strong>uqi</strong></span> <span class='ocrx_word' id='word_1_109' title='bbox 649 1573 835 1666; x_wconf 76' lang='grc' dir='ltr'><strong>Ἀγησιλάῳ</strong></span> <span class='ocrx_word' id='word_1_110' title='bbox 870 1576 1163 1665; x_wconf 72' lang='grc' dir='ltr'><em>συναγωνιζόμενος</em></span> <span class='ocrx_word' id='word_1_111' title='bbox 1196 1579 1231 1658; x_wconf 76' lang='grc' dir='ltr'><strong>ἐξ</strong></span> <span class='ocrx_word' id='word_1_112' title='bbox 1245 1573 1382 1670; x_wconf 72' lang='grc' dir='ltr'><em>,Ἀσίας</em></span> 
     </span>
     <span class='ocr_line' id='line_1_14' title="bbox 209 1682 1381 1777; baseline 0.005 -28"><span class='ocrx_word' id='word_1_113' title='bbox 209 1682 422 1774; x_wconf 71' lang='grc' dir='ltr'><em>διαβεβηκώς,</em></span> <span class='ocrx_word' id='word_1_114' title='bbox 457 1713 601 1775; x_wconf 89' lang='lat' dir='ltr'><strong>quocum</strong></span> <span class='ocrx_word' id='word_1_115' title='bbox 637 1690 791 1755; x_wconf 85' lang='lat' dir='ltr'><strong>conferas</strong></span> <span class='ocrx_word' id='word_1_116' title='bbox 821 1713 953 1776; x_wconf 90' lang='lat' dir='ltr'><strong>quoque</strong></span> <span class='ocrx_word' id='word_1_117' title='bbox 991 1691 1100 1777; x_wconf 91' lang='lat' dir='ltr'><strong>ipsius</strong></span> <span class='ocrx_word' id='word_1_118' title='bbox 1135 1691 1381 1777; x_wconf 73' lang='lat' dir='ltr'><strong>Xenophontis</strong></span> 
     </span>
     <span class='ocr_line' id='line_1_15' title="bbox 206 1786 1381 1882; baseline -0.005 -21"><span class='ocrx_word' id='word_1_119' title='bbox 206 1796 281 1862; x_wconf 85' lang='lat' dir='ltr'><strong>illa:</strong></span> <span class='ocrx_word' id='word_1_120' title='bbox 318 1787 369 1858; x_wconf 81' lang='grc' dir='ltr'><em>ὅτι</em></span> <span class='ocrx_word' id='word_1_121' title='bbox 405 1786 503 1872; x_wconf 72' lang='grc' dir='ltr'><em>αὐτὸς</em></span> <span class='ocrx_word' id='word_1_122' title='bbox 534 1789 747 1859; x_wconf 76' lang='grc' dir='ltr'><em>κινδυνεύσων</em></span> <span class='ocrx_word' id='word_1_123' title='bbox 781 1789 888 1858; x_wconf 79' lang='grc' dir='ltr'><em>ἐδόκει</em></span> <span class='ocrx_word' id='word_1_124' title='bbox 924 1791 1008 1858; x_wconf 82' lang='grc' dir='ltr'><em>ἱέναι</em></span> <span class='ocrx_word' id='word_1_125' title='bbox 1043 1795 1168 1881; x_wconf 80' lang='lat' dir='ltr'><strong>(Anah,</strong></span> <span class='ocrx_word' id='word_1_126' title='bbox 1202 1801 1235 1864; x_wconf 89' lang='lat' dir='ltr'>V</span> <span class='ocrx_word' id='word_1_127' title='bbox 1265 1800 1302 1882; x_wconf 58' lang='lat'><strong>37.</strong></span> <span class='ocrx_word' id='word_1_128' title='bbox 1334 1799 1381 1879; x_wconf 86' lang='grc'><strong>6),</strong></span> 
     </span>
     <span class='ocr_line' id='line_1_16' title="bbox 208 1903 1382 1991; baseline 0.001 -23"><span class='ocrx_word' id='word_1_129' title='bbox 208 1903 317 1980; x_wconf 81' lang='lat' dir='ltr'><strong>Quam</strong></span> <span class='ocrx_word' id='word_1_130' title='bbox 340 1903 381 1969; x_wconf 93' lang='lat' dir='ltr'><strong>ob</strong></span> <span class='ocrx_word' id='word_1_131' title='bbox 405 1927 477 1968; x_wconf 91' lang='lat' dir='ltr'><strong>rem</strong></span> <span class='ocrx_word' id='word_1_132' title='bbox 501 1904 533 1969; x_wconf 94' lang='lat' dir='ltr'><strong>ei</strong></span> <span class='ocrx_word' id='word_1_133' title='bbox 556 1905 597 1970; x_wconf 88' lang='lat' dir='ltr'><strong>ab</strong></span> <span class='ocrx_word' id='word_1_134' title='bbox 621 1904 892 1970; x_wconf 72' lang='lat' dir='ltr'><strong>Atheniensibus</strong></span> <span class='ocrx_word' id='word_1_135' title='bbox 922 1904 1061 1968; x_wconf 85' lang='lat' dir='ltr'><strong>exilium</strong></span> <span class='ocrx_word' id='word_1_136' title='bbox 1089 1906 1277 1991; x_wconf 87' lang='lat' dir='ltr'><strong>irrogatum</strong></span> <span class='ocrx_word' id='word_1_137' title='bbox 1305 1928 1382 1969; x_wconf 90' lang='lat' dir='ltr'><strong>esse</strong></span> 
     </span>
     <span class='ocr_line' id='line_1_17' title="bbox 205 2010 1382 2097; baseline 0.002 -22"><span class='ocrx_word' id='word_1_138' title='bbox 205 2010 355 2094; x_wconf 78' lang='lat' dir='ltr'><strong>videtur3</strong></span> <span class='ocrx_word' id='word_1_139' title='bbox 392 2010 453 2075; x_wconf 92' lang='lat' dir='ltr'><strong>sed</strong></span> <span class='ocrx_word' id='word_1_140' title='bbox 481 2034 558 2075; x_wconf 91' lang='lat' dir='ltr'><strong>cum</strong></span> <span class='ocrx_word' id='word_1_141' title='bbox 586 2011 628 2076; x_wconf 89' lang='lat' dir='ltr'><strong>de</strong></span> <span class='ocrx_word' id='word_1_142' title='bbox 655 2011 719 2076; x_wconf 88' lang='lat' dir='ltr'><strong>hac</strong></span> <span class='ocrx_word' id='word_1_143' title='bbox 746 2034 783 2076; x_wconf 93' lang='lat' dir='ltr'><strong>re</strong></span> <span class='ocrx_word' id='word_1_144' title='bbox 810 2034 882 2076; x_wconf 91' lang='lat' dir='ltr'><strong>non</strong></span> <span class='ocrx_word' id='word_1_145' title='bbox 910 2012 1153 2097; x_wconf 82' lang='lat' dir='ltr'><strong>consentiatur,</strong></span> <span class='ocrx_word' id='word_1_146' title='bbox 1189 2013 1382 2077; x_wconf 90' lang='lat' dir='ltr'><strong>accuratius</strong></span> 
     </span>
     <span class='ocr_line' id='line_1_18' title="bbox 206 2117 709 2204; baseline 0.004 -21"><span class='ocrx_word' id='word_1_147' title='bbox 206 2119 306 2204; x_wconf 88' lang='lat' dir='ltr'><strong>paulo</strong></span> <span class='ocrx_word' id='word_1_148' title='bbox 329 2118 367 2182; x_wconf 90' lang='lat' dir='ltr'><strong>in</strong></span> <span class='ocrx_word' id='word_1_149' title='bbox 391 2140 464 2183; x_wconf 90' lang='lat' dir='ltr'><strong>eam</strong></span> <span class='ocrx_word' id='word_1_150' title='bbox 488 2117 709 2203; x_wconf 84' lang='lat' dir='ltr'><strong>inquiramus</strong></span> 
     </span>
    </p>
   </div>
   <div class='ocr_carea' id='block_1_3' title="bbox 207 2256 1382 2570">
    <p class='ocr_par' dir='ltr' id='par_1_3' title="bbox 207 2256 1382 2570">
     <span class='ocr_line' id='line_1_19' title="bbox 355 2256 1232 2346; baseline 0.001 -19"><span class='ocrx_word' id='word_1_151' title='bbox 355 2256 377 2346; x_wconf 69' lang='grc'>5</span> <span class='ocrx_word' id='word_1_152' title='bbox 401 2260 436 2328; x_wconf 89' lang='grc'><strong>4.</strong></span> <span class='ocrx_word' id='word_1_153' title='bbox 483 2260 526 2327; x_wconf 79' lang='lat' dir='ltr'><strong>Be</strong></span> <span class='ocrx_word' id='word_1_154' title='bbox 551 2259 766 2345; x_wconf 80' lang='lat' dir='ltr'><strong>xenophontis</strong></span> <span class='ocrx_word' id='word_1_155' title='bbox 791 2259 885 2328; x_wconf 82' lang='lat' dir='ltr'><strong>exilio</strong></span> <span class='ocrx_word' id='word_1_156' title='bbox 909 2261 943 2328; x_wconf 82' lang='lat' dir='ltr'><strong>et</strong></span> <span class='ocrx_word' id='word_1_157' title='bbox 967 2259 1033 2328; x_wconf 82' lang='lat' dir='ltr'><strong>otio</strong></span> <span class='ocrx_word' id='word_1_158' title='bbox 1058 2259 1232 2330; x_wconf 82' lang='lat' dir='ltr'><strong>Scilluntio.</strong></span> 
     </span>
     <span class='ocr_line' id='line_1_20' title="bbox 312 2367 1381 2465; baseline 0 -32"><span class='ocrx_word' id='word_1_159' title='bbox 312 2369 408 2433; x_wconf 88' lang='lat' dir='ltr'><strong>Duae</strong></span> <span class='ocrx_word' id='word_1_160' title='bbox 448 2367 538 2431; x_wconf 87' lang='lat' dir='ltr'><strong>enirn</strong></span> <span class='ocrx_word' id='word_1_161' title='bbox 578 2369 767 2465; x_wconf 79' lang='lat' dir='ltr'><strong>sententiae</strong></span> <span class='ocrx_word' id='word_1_162' title='bbox 805 2369 955 2454; x_wconf 90' lang='lat' dir='ltr'><strong>prolatae</strong></span> <span class='ocrx_word' id='word_1_163' title='bbox 994 2376 1083 2452; x_wconf 81' lang='lat' dir='ltr'><strong>sunt,</strong></span> <span class='ocrx_word' id='word_1_164' title='bbox 1119 2370 1225 2433; x_wconf 89' lang='lat' dir='ltr'><strong>altera</strong></span> <span class='ocrx_word' id='word_1_165' title='bbox 1253 2391 1381 2454; x_wconf 85' lang='lat' dir='ltr'><strong>eorum,</strong></span> 
     </span>
     <span class='ocr_line' id='line_1_21' title="bbox 207 2466 1382 2570; baseline 0.001 -31"><span class='ocrx_word' id='word_1_166' title='bbox 207 2475 266 2560; x_wconf 92' lang='lat' dir='ltr'><strong>qui</strong></span> <span class='ocrx_word' id='word_1_167' title='bbox 291 2467 481 2540; x_wconf 63' lang='lat' dir='ltr'><strong>eum‘c&#39;irca</strong></span> <span class='ocrx_word' id='word_1_168' title='bbox 505 2498 533 2540; x_wconf 84' lang='lat' dir='ltr'><strong>a.</strong></span> <span class='ocrx_word' id='word_1_169' title='bbox 558 2475 634 2570; x_wconf 20' lang='lat'><strong>39⁴9,</strong></span> <span class='ocrx_word' id='word_1_170' title='bbox 668 2466 758 2560; x_wconf 86' lang='lat' dir='ltr'><strong>quod</strong></span> <span class='ocrx_word' id='word_1_171' title='bbox 782 2498 858 2539; x_wconf 91' lang='lat' dir='ltr'><strong>cum</strong></span> <span class='ocrx_word' id='word_1_172' title='bbox 882 2476 973 2560; x_wconf 80' lang='lat' dir='ltr'><strong>Cyro</strong></span> <span class='ocrx_word' id='word_1_173' title='bbox 1002 2481 1091 2540; x_wconf 91' lang='lat' dir='ltr'><strong>esset</strong></span> <span class='ocrx_word' id='word_1_174' title='bbox 1117 2475 1300 2561; x_wconf 70' lang='lat' dir='ltr'><strong>protentus,</strong></span> <span class='ocrx_word' id='word_1_175' title='bbox 1339 2477 1382 2541; x_wconf 89' lang='lat' dir='ltr'><strong>ab</strong></span> 
     </span>
    </p>
   </div>
   <div class='ocr_carea' id='block_1_4' title="bbox 26 2567 1384 2697">
    <p class='ocr_par' dir='ltr' id='par_1_4' title="bbox 26 2567 1384 2697">
     <span class='ocr_line' id='line_1_22' title="bbox 26 2567 1384 2697; baseline 0.001 -51"><span class='ocrx_word' id='word_1_176' title='bbox 26 2654 38 2675; x_wconf 51' lang='grc'><em>(</em></span> <span class='ocrx_word' id='word_1_177' title='bbox 103 2567 157 2680; x_wconf 54' lang='grc' dir='ltr'><strong>1η.)</strong></span> <span class='ocrx_word' id='word_1_178' title='bbox 195 2581 475 2647; x_wconf 86' lang='lat' dir='ltr'><strong>Atheniensibus</strong></span> <span class='ocrx_word' id='word_1_179' title='bbox 495 2575 709 2646; x_wconf 67' lang='lat' dir='ltr'><strong>&#39;damnatum</strong></span> <span class='ocrx_word' id='word_1_180' title='bbox 747 2604 820 2646; x_wconf 92' lang='lat' dir='ltr'><strong>esse</strong></span> <span class='ocrx_word' id='word_1_181' title='bbox 858 2588 981 2667; x_wconf 89' lang='lat' dir='ltr'><strong>putant</strong></span> <span class='ocrx_word' id='word_1_182' title='bbox 1019 2583 1135 2666; x_wconf 82' lang='lat' dir='ltr'><strong>altera,</strong></span> <span class='ocrx_word' id='word_1_183' title='bbox 1175 2582 1264 2667; x_wconf 88' lang='lat' dir='ltr'><strong>quod</strong></span> <span class='ocrx_word' id='word_1_184' title='bbox 1299 2606 1384 2697; x_wconf 54' lang='lat' dir='ltr'><strong>mim</strong></span> 
     </span>
    </p>
   </div>
   <div class='ocr_carea' id='block_1_5' title="bbox 36 2678 1385 3415">
    <p class='ocr_par' dir='ltr' id='par_1_5' title="bbox 36 2678 1385 3415">
     <span class='ocr_line' id='line_1_23' title="bbox 36 2678 1383 2827; baseline 0.001 -75"><span class='ocrx_word' id='word_1_185' title='bbox 36 2739 70 2827; x_wconf 48' lang='grc' dir='ltr'><strong>η(</strong></span> <span class='ocrx_word' id='word_1_186' title='bbox 152 2678 177 2811; x_wconf 69' lang='grc' dir='ltr'><strong>ἰ)</strong></span> <span class='ocrx_word' id='word_1_187' title='bbox 204 2688 367 2774; x_wconf 75' lang='lat' dir='ltr'><strong>Agesilao</strong></span> <span class='ocrx_word' id='word_1_188' title='bbox 398 2695 517 2753; x_wconf 90' lang='lat' dir='ltr'><strong>contra</strong></span> <span class='ocrx_word' id='word_1_189' title='bbox 547 2688 692 2774; x_wconf 91' lang='lat' dir='ltr'><strong>patriam</strong></span> <span class='ocrx_word' id='word_1_190' title='bbox 725 2712 818 2753; x_wconf 89' lang='lat' dir='ltr'><strong>arma</strong></span> <span class='ocrx_word' id='word_1_191' title='bbox 848 2689 993 2753; x_wconf 89' lang='lat' dir='ltr'><strong>tulisset.</strong></span> <span class='ocrx_word' id='word_1_192' title='bbox 1057 2688 1206 2765; x_wconf 78' lang='lat' dir='ltr'><strong>Quarum</strong></span> <span class='ocrx_word' id='word_1_193' title='bbox 1244 2689 1383 2774; x_wconf 77' lang='lat' dir='ltr'><strong>utrique</strong></span> 
     </span>
     <span class='ocr_line' id='line_1_24' title="bbox 68 2760 1382 2880; baseline 0.002 -21"><span class='ocrx_word' id='word_1_194' title='bbox 68 2760 108 2849; x_wconf 64' lang='lat' dir='ltr'><strong>sq</strong></span> <span class='ocrx_word' id='word_1_195' title='bbox 204 2794 420 2880; x_wconf 84' lang='lat' dir='ltr'><strong>antiquitatis</strong></span> <span class='ocrx_word' id='word_1_196' title='bbox 448 2795 646 2860; x_wconf 89' lang='lat' dir='ltr'><strong>testimonia</strong></span> <span class='ocrx_word' id='word_1_197' title='bbox 677 2818 746 2860; x_wconf 90' lang='lat' dir='ltr'><strong>non</strong></span> <span class='ocrx_word' id='word_1_198' title='bbox 778 2795 915 2878; x_wconf 87' lang='lat' dir='ltr'><strong>desunt;</strong></span> <span class='ocrx_word' id='word_1_199' title='bbox 952 2818 1032 2860; x_wconf 90' lang='lat' dir='ltr'><strong>nam</strong></span> <span class='ocrx_word' id='word_1_200' title='bbox 1063 2795 1121 2880; x_wconf 88' lang='lat' dir='ltr'><strong>qui</strong></span> <span class='ocrx_word' id='word_1_201' title='bbox 1149 2819 1226 2860; x_wconf 92' lang='lat' dir='ltr'><strong>eum</strong></span> <span class='ocrx_word' id='word_1_202' title='bbox 1250 2819 1278 2861; x_wconf 89' lang='lat' dir='ltr'><strong>a.</strong></span> <span class='ocrx_word' id='word_1_203' title='bbox 1303 2797 1382 2862; x_wconf 78' lang='lat'><strong>399.</strong></span> 
     </span>
     <span class='ocr_line' id='line_1_25' title="bbox 205 2902 1384 2988; baseline 0.002 -22"><span class='ocrx_word' id='word_1_204' title='bbox 205 2902 308 2967; x_wconf 85' lang='lat' dir='ltr'><strong>exilio</strong></span> <span class='ocrx_word' id='word_1_205' title='bbox 347 2924 421 2966; x_wconf 91' lang='lat' dir='ltr'><strong>esse</strong></span> <span class='ocrx_word' id='word_1_206' title='bbox 460 2902 641 2968; x_wconf 87' lang='lat' dir='ltr'><strong>multatum</strong></span> <span class='ocrx_word' id='word_1_207' title='bbox 681 2903 747 2968; x_wconf 91' lang='lat' dir='ltr'><strong>sibi</strong></span> <span class='ocrx_word' id='word_1_208' title='bbox 784 2903 1011 2988; x_wconf 83' lang='lat' dir='ltr'><strong>persuadent,</strong></span> <span class='ocrx_word' id='word_1_209' title='bbox 1056 2902 1196 2966; x_wconf 89' lang='lat' dir='ltr'><strong>laudant</strong></span> <span class='ocrx_word' id='word_1_210' title='bbox 1233 2903 1384 2968; x_wconf 91' lang='lat' dir='ltr'><strong>Dionem</strong></span> 
     </span>
     <span class='ocr_line' id='line_1_26' title="bbox 207 3001 1384 3096; baseline -0.002 -22"><span class='ocrx_word' id='word_1_211' title='bbox 207 3009 499 3094; x_wconf 81' lang='lat' dir='ltr'><strong>Chrysostomum‚</strong></span> <span class='ocrx_word' id='word_1_212' title='bbox 524 3010 584 3094; x_wconf 89' lang='lat' dir='ltr'><strong>qui</strong></span> <span class='ocrx_word' id='word_1_213' title='bbox 606 3010 628 3074; x_wconf 92' lang='lat' dir='ltr'><strong>l.</strong></span> <span class='ocrx_word' id='word_1_214' title='bbox 653 3010 740 3076; x_wconf 84' lang='lat' dir='ltr'>VIII</span> <span class='ocrx_word' id='word_1_215' title='bbox 762 3033 795 3096; x_wconf 89' lang='lat' dir='ltr'><strong>p.</strong></span> <span class='ocrx_word' id='word_1_216' title='bbox 823 3011 887 3075; x_wconf 84' lang='lat'><strong>130</strong></span> <span class='ocrx_word' id='word_1_217' title='bbox 909 3011 955 3074; x_wconf 90' lang='lat' dir='ltr'><strong>M.</strong></span> <span class='ocrx_word' id='word_1_218' title='bbox 978 3009 1077 3073; x_wconf 89' lang='lat' dir='ltr'><strong>dicit:</strong></span> <span class='ocrx_word' id='word_1_219' title='bbox 1102 3007 1255 3093; x_wconf 74' lang='grc' dir='ltr'><em>Ξενοφῶν</em></span> <span class='ocrx_word' id='word_1_220' title='bbox 1282 3001 1384 3093; x_wconf 70' lang='grc' dir='ltr'><em>ἔφαγε</em></span> 
     </span>
     <span class='ocr_line' id='line_1_27' title="bbox 206 3107 1385 3201; baseline 0.004 -24"><span class='ocrx_word' id='word_1_221' title='bbox 206 3107 262 3177; x_wconf 74' lang='grc' dir='ltr'><em>διὰ</em></span> <span class='ocrx_word' id='word_1_222' title='bbox 286 3109 345 3201; x_wconf 77' lang='grc' dir='ltr'><strong>τὴν</strong></span> <span class='ocrx_word' id='word_1_223' title='bbox 371 3109 454 3194; x_wconf 77' lang='grc' dir='ltr'><em>μετὰ</em></span> <span class='ocrx_word' id='word_1_224' title='bbox 482 3108 592 3199; x_wconf 74' lang='grc' dir='ltr'><em>Κύρου</em></span> <span class='ocrx_word' id='word_1_225' title='bbox 621 3109 806 3200; x_wconf 78' lang='grc' dir='ltr'><em>στρατείαν,</em></span> <span class='ocrx_word' id='word_1_226' title='bbox 844 3139 988 3201; x_wconf 92' lang='lat' dir='ltr'><strong>quocum</strong></span> <span class='ocrx_word' id='word_1_227' title='bbox 1025 3117 1216 3181; x_wconf 89' lang='lat' dir='ltr'><strong>consentire</strong></span> <span class='ocrx_word' id='word_1_228' title='bbox 1243 3116 1385 3182; x_wconf 82' lang='lat' dir='ltr'><strong>videtur</strong></span> 
     </span>
     <span class='ocr_line' id='line_1_28' title="bbox 204 3213 1383 3309; baseline -0.003 -21"><span class='ocrx_word' id='word_1_229' title='bbox 204 3223 390 3288; x_wconf 90' lang='lat' dir='ltr'><strong>Pausanias</strong></span> <span class='ocrx_word' id='word_1_230' title='bbox 415 3223 578 3289; x_wconf 87' lang='lat' dir='ltr'><strong>exhibens</strong></span> <span class='ocrx_word' id='word_1_231' title='bbox 602 3226 635 3290; x_wconf 87' lang='lat' dir='ltr'>V</span> <span class='ocrx_word' id='word_1_232' title='bbox 658 3226 688 3308; x_wconf 84' lang='grc'><strong>6,</strong></span> <span class='ocrx_word' id='word_1_233' title='bbox 713 3226 748 3288; x_wconf 88' lang='lat'><strong>3:</strong></span> <span class='ocrx_word' id='word_1_234' title='bbox 778 3215 924 3308; x_wconf 69' lang='grc' dir='ltr'><em>ἐδιώχθη</em></span> <span class='ocrx_word' id='word_1_235' title='bbox 957 3213 973 3284; x_wconf 82' lang='grc' dir='ltr'>ὁ</span> <span class='ocrx_word' id='word_1_236' title='bbox 1003 3219 1157 3307; x_wconf 77' lang='grc' dir='ltr'><em>Ξενοιγῶν</em></span> <span class='ocrx_word' id='word_1_237' title='bbox 1184 3213 1251 3284; x_wconf 67' lang='grc' dir='ltr'><strong>ὑπὸ</strong></span> <span class='ocrx_word' id='word_1_238' title='bbox 1273 3213 1383 3309; x_wconf 67' lang='grc' dir='ltr'><strong>Ἀθη-</strong></span> 
     </span>
     <span class='ocr_line' id='line_1_29' title="bbox 205 3318 1383 3415; baseline 0.002 -26"><span class='ocrx_word' id='word_1_239' title='bbox 205 3322 305 3404; x_wconf 80' lang='grc' dir='ltr'><em>ναίων</em></span> <span class='ocrx_word' id='word_1_240' title='bbox 334 3319 378 3404; x_wconf 84' lang='grc' dir='ltr'><strong>ῶς</strong></span> <span class='ocrx_word' id='word_1_241' title='bbox 406 3325 466 3390; x_wconf 78' lang='grc' dir='ltr'><em>ἐντὶ</em></span> <span class='ocrx_word' id='word_1_242' title='bbox 489 3324 629 3410; x_wconf 77' lang='grc' dir='ltr'><em>βασιλέα</em></span> <span class='ocrx_word' id='word_1_243' title='bbox 664 3324 780 3415; x_wconf 75' lang='grc' dir='ltr'><em>σφίσιν</em></span> <span class='ocrx_word' id='word_1_244' title='bbox 815 3319 924 3392; x_wconf 56' lang='grc' dir='ltr'><em>εἰἷνοον</em></span> <span class='ocrx_word' id='word_1_245' title='bbox 960 3318 1037 3391; x_wconf 71' lang='grc' dir='ltr'><em>ὄντα</em></span> <span class='ocrx_word' id='word_1_246' title='bbox 1073 3323 1244 3414; x_wconf 76' lang='grc' dir='ltr'><em>στρατείας</em></span> <span class='ocrx_word' id='word_1_247' title='bbox 1278 3351 1383 3409; x_wconf 88' lang='grc' dir='ltr'><em>μετα-</em></span> 
     </span>
    </p>
   </div>
   <div class='ocr_carea' id='block_1_6' title="bbox 142 3486 1384 4451">
    <p class='ocr_par' dir='ltr' id='par_1_6' title="bbox 205 3486 1384 4273">
     <span class='ocr_line' id='line_1_30' title="bbox 315 3486 1383 3559; baseline 0.003 -18"><span class='ocrx_word' id='word_1_248' title='bbox 315 3487 341 3557; x_wconf 92' lang='grc'><strong>1)</strong></span> <span class='ocrx_word' id='word_1_249' title='bbox 379 3488 463 3556; x_wconf 80' lang='lat' dir='ltr'><strong>Quod</strong></span> <span class='ocrx_word' id='word_1_250' title='bbox 481 3488 536 3542; x_wconf 90' lang='lat' dir='ltr'><strong>etsi</strong></span> <span class='ocrx_word' id='word_1_251' title='bbox 557 3486 702 3543; x_wconf 74' lang='lat' dir='ltr'><strong>Nicolaitis</strong></span> <span class='ocrx_word' id='word_1_252' title='bbox 726 3488 840 3543; x_wconf 84' lang='lat' dir='ltr'><strong>credere</strong></span> <span class='ocrx_word' id='word_1_253' title='bbox 865 3508 924 3544; x_wconf 90' lang='lat' dir='ltr'><strong>non</strong></span> <span class='ocrx_word' id='word_1_254' title='bbox 949 3489 1022 3558; x_wconf 85' lang='lat' dir='ltr'><strong>vult,</strong></span> <span class='ocrx_word' id='word_1_255' title='bbox 1051 3489 1100 3559; x_wconf 87' lang='lat' dir='ltr'><strong>qui</strong></span> <span class='ocrx_word' id='word_1_256' title='bbox 1127 3489 1157 3543; x_wconf 91' lang='lat' dir='ltr'><strong>in</strong></span> <span class='ocrx_word' id='word_1_257' title='bbox 1185 3488 1383 3559; x_wconf 87' lang='lat' dir='ltr'><strong>disputatione</strong></span> 
     </span>
     <span class='ocr_line' id='line_1_31' title="bbox 206 3575 1383 3648; baseline 0.001 -17"><span class='ocrx_word' id='word_1_258' title='bbox 206 3576 241 3631; x_wconf 90' lang='lat' dir='ltr'><strong>de</strong></span> <span class='ocrx_word' id='word_1_259' title='bbox 273 3577 359 3631; x_wconf 89' lang='lat' dir='ltr'><strong>exilio</strong></span> <span class='ocrx_word' id='word_1_260' title='bbox 394 3577 596 3647; x_wconf 86' lang='lat' dir='ltr'><strong>Xenophontis</strong></span> <span class='ocrx_word' id='word_1_261' title='bbox 637 3575 750 3648; x_wconf 87' lang='lat' dir='ltr'><strong>(Jahrb.</strong></span> <span class='ocrx_word' id='word_1_262' title='bbox 777 3578 797 3634; x_wconf 86' lang='lat' dir='ltr'><strong>f.</strong></span> <span class='ocrx_word' id='word_1_263' title='bbox 828 3579 904 3632; x_wconf 89' lang='lat' dir='ltr'><strong>Phil.</strong></span> <span class='ocrx_word' id='word_1_264' title='bbox 933 3578 1003 3630; x_wconf 81' lang='grc'>1864</span> <span class='ocrx_word' id='word_1_265' title='bbox 1024 3596 1049 3648; x_wconf 93' lang='lat' dir='ltr'><strong>p.</strong></span> <span class='ocrx_word' id='word_1_266' title='bbox 1072 3579 1137 3644; x_wconf 88' lang='lat'>811)</span> <span class='ocrx_word' id='word_1_267' title='bbox 1166 3577 1247 3647; x_wconf 89' lang='lat' dir='ltr'><strong>dicit,</strong></span> <span class='ocrx_word' id='word_1_268' title='bbox 1285 3578 1383 3632; x_wconf 92' lang='lat' dir='ltr'><strong>Xeno-</strong></span> 
     </span>
     <span class='ocr_line' id='line_1_32' title="bbox 207 3666 1383 3738; baseline 0.001 -18"><span class='ocrx_word' id='word_1_269' title='bbox 207 3667 347 3738; x_wconf 90' lang='lat' dir='ltr'><strong>phontem</strong></span> <span class='ocrx_word' id='word_1_270' title='bbox 366 3666 395 3720; x_wconf 93' lang='lat' dir='ltr'><strong>in</strong></span> <span class='ocrx_word' id='word_1_271' title='bbox 415 3685 515 3737; x_wconf 88' lang='lat' dir='ltr'><strong>pugna</strong></span> <span class='ocrx_word' id='word_1_272' title='bbox 535 3666 692 3722; x_wconf 81' lang='lat' dir='ltr'><strong>Coronensi</strong></span> <span class='ocrx_word' id='word_1_273' title='bbox 711 3686 792 3721; x_wconf 83' lang='lat' dir='ltr'><strong>arma</strong></span> <span class='ocrx_word' id='word_1_274' title='bbox 810 3667 910 3721; x_wconf 88' lang='lat' dir='ltr'><strong>tulisse</strong></span> <span class='ocrx_word' id='word_1_275' title='bbox 928 3684 965 3720; x_wconf 90' lang='lat' dir='ltr'><strong>ne</strong></span> <span class='ocrx_word' id='word_1_276' title='bbox 982 3667 1133 3720; x_wconf 84' lang='lat' dir='ltr'><strong>Plutarchi</strong></span> <span class='ocrx_word' id='word_1_277' title='bbox 1152 3666 1267 3736; x_wconf 86' lang='lat' dir='ltr'><strong>quidem</strong></span> <span class='ocrx_word' id='word_1_278' title='bbox 1285 3667 1383 3721; x_wconf 90' lang='lat' dir='ltr'><strong>verbis</strong></span> 
     </span>
     <span class='ocr_line' id='line_1_33' title="bbox 209 3747 1384 3827; baseline 0.004 -21"><span class='ocrx_word' id='word_1_279' title='bbox 209 3747 485 3825; x_wconf 75' lang='grc' dir='ltr'><em>(συναγωνιζόμενος)</em></span> <span class='ocrx_word' id='word_1_280' title='bbox 514 3756 630 3826; x_wconf 88' lang='lat' dir='ltr'><strong>probari</strong></span> <span class='ocrx_word' id='word_1_281' title='bbox 656 3774 747 3827; x_wconf 88' lang='lat' dir='ltr'><strong>posse,</strong></span> <span class='ocrx_word' id='word_1_282' title='bbox 775 3761 873 3810; x_wconf 88' lang='lat' dir='ltr'><strong>tamen</strong></span> <span class='ocrx_word' id='word_1_283' title='bbox 901 3755 1031 3826; x_wconf 88' lang='lat' dir='ltr'><strong>equidem</strong></span> <span class='ocrx_word' id='word_1_284' title='bbox 1060 3755 1202 3825; x_wconf 89' lang='lat' dir='ltr'><strong>quomodo</strong></span> <span class='ocrx_word' id='word_1_285' title='bbox 1229 3756 1384 3811; x_wconf 89' lang='lat' dir='ltr'><strong>Plutarchi</strong></span> 
     </span>
     <span class='ocr_line' id='line_1_34' title="bbox 208 3843 1383 3916; baseline 0.002 -18"><span class='ocrx_word' id='word_1_286' title='bbox 208 3843 367 3898; x_wconf 86' lang='lat' dir='ltr'><strong>auctoritas</strong></span> <span class='ocrx_word' id='word_1_287' title='bbox 385 3843 454 3897; x_wconf 90' lang='lat' dir='ltr'><strong>reici</strong></span> <span class='ocrx_word' id='word_1_288' title='bbox 472 3845 564 3915; x_wconf 87' lang='lat' dir='ltr'><strong>possit</strong></span> <span class='ocrx_word' id='word_1_289' title='bbox 584 3864 642 3899; x_wconf 91' lang='lat' dir='ltr'><strong>non</strong></span> <span class='ocrx_word' id='word_1_290' title='bbox 656 3846 749 3915; x_wconf 83' lang='lat' dir='ltr'><strong>video,</strong></span> <span class='ocrx_word' id='word_1_291' title='bbox 769 3863 834 3898; x_wconf 91' lang='lat' dir='ltr'><strong>cum</strong></span> <span class='ocrx_word' id='word_1_292' title='bbox 856 3845 1019 3916; x_wconf 86' lang='lat' dir='ltr'><strong>Xenophon</strong></span> <span class='ocrx_word' id='word_1_293' title='bbox 1044 3844 1202 3915; x_wconf 84' lang='lat' dir='ltr'><strong>Cyreorum</strong></span> <span class='ocrx_word' id='word_1_294' title='bbox 1230 3845 1289 3898; x_wconf 89' lang='lat' dir='ltr'><strong>dux</strong></span> <span class='ocrx_word' id='word_1_295' title='bbox 1315 3865 1383 3900; x_wconf 89' lang='lat' dir='ltr'><strong>cum</strong></span> 
     </span>
     <span class='ocr_line' id='line_1_35' title="bbox 205 3933 1383 4004; baseline 0.001 -17"><span class='ocrx_word' id='word_1_296' title='bbox 205 3933 341 4004; x_wconf 80' lang='lat' dir='ltr'><strong>Agesilao</strong></span> <span class='ocrx_word' id='word_1_297' title='bbox 360 3934 507 4004; x_wconf 82' lang='lat' dir='ltr'><strong>profectus</strong></span> <span class='ocrx_word' id='word_1_298' title='bbox 532 3952 593 3989; x_wconf 90' lang='lat' dir='ltr'><strong>esse</strong></span> <span class='ocrx_word' id='word_1_299' title='bbox 611 3933 745 3988; x_wconf 85' lang='lat' dir='ltr'><strong>videatur</strong></span> <span class='ocrx_word' id='word_1_300' title='bbox 768 3939 797 3988; x_wconf 90' lang='lat' dir='ltr'><strong>et</strong></span> <span class='ocrx_word' id='word_1_301' title='bbox 820 3933 909 4004; x_wconf 90' lang='lat' dir='ltr'><strong>ipsius</strong></span> <span class='ocrx_word' id='word_1_302' title='bbox 929 3953 994 3988; x_wconf 92' lang='lat' dir='ltr'><strong>cum</strong></span> <span class='ocrx_word' id='word_1_303' title='bbox 1013 3933 1139 4004; x_wconf 87' lang='lat' dir='ltr'><strong>periculo</strong></span> <span class='ocrx_word' id='word_1_304' title='bbox 1169 3951 1199 3987; x_wconf 90' lang='lat' dir='ltr'><strong>se</strong></span> <span class='ocrx_word' id='word_1_305' title='bbox 1227 3933 1299 3986; x_wconf 92' lang='lat' dir='ltr'><strong>illud</strong></span> <span class='ocrx_word' id='word_1_306' title='bbox 1326 3935 1383 3989; x_wconf 91' lang='lat' dir='ltr'><strong>iter</strong></span> 
     </span>
     <span class='ocr_line' id='line_1_36' title="bbox 206 4022 1382 4094; baseline 0.002 -18"><span class='ocrx_word' id='word_1_307' title='bbox 206 4022 365 4093; x_wconf 88' lang='lat' dir='ltr'><strong>suscepisse</strong></span> <span class='ocrx_word' id='word_1_308' title='bbox 388 4028 511 4077; x_wconf 88' lang='lat' dir='ltr'><strong>testetur</strong></span> <span class='ocrx_word' id='word_1_309' title='bbox 530 4022 625 4092; x_wconf 88' lang='lat' dir='ltr'><strong>(Anab</strong></span> <span class='ocrx_word' id='word_1_310' title='bbox 644 4024 671 4076; x_wconf 96' lang='lat' dir='ltr'>V</span> <span class='ocrx_word' id='word_1_311' title='bbox 693 4024 718 4091; x_wconf 84' lang='lat'><strong>3,</strong></span> <span class='ocrx_word' id='word_1_312' title='bbox 738 4024 775 4088; x_wconf 87' lang='lat'><strong>6).</strong></span> <span class='ocrx_word' id='word_1_313' title='bbox 808 4022 861 4076; x_wconf 90' lang='lat' dir='ltr'><strong>Ille</strong></span> <span class='ocrx_word' id='word_1_314' title='bbox 881 4024 996 4093; x_wconf 89' lang='lat' dir='ltr'><strong>quidem</strong></span> <span class='ocrx_word' id='word_1_315' title='bbox 1031 4027 1234 4094; x_wconf 86' lang='lat' dir='ltr'><strong>argumentum</strong></span> <span class='ocrx_word' id='word_1_316' title='bbox 1266 4024 1382 4078; x_wconf 92' lang='lat' dir='ltr'><strong>nullum</strong></span> 
     </span>
     <span class='ocr_line' id='line_1_37' title="bbox 208 4111 1382 4183; baseline 0.002 -17"><span class='ocrx_word' id='word_1_317' title='bbox 208 4111 308 4166; x_wconf 87' lang='lat' dir='ltr'><strong>attulit</strong></span> <span class='ocrx_word' id='word_1_318' title='bbox 326 4113 524 4182; x_wconf 87' lang='lat' dir='ltr'><strong>persuasitque</strong></span> <span class='ocrx_word' id='word_1_319' title='bbox 543 4111 606 4180; x_wconf 82' lang='lat' dir='ltr'><strong>sibi,</strong></span> <span class='ocrx_word' id='word_1_320' title='bbox 626 4129 741 4182; x_wconf 85' lang='lat' dir='ltr'><strong>pugnae</strong></span> <span class='ocrx_word' id='word_1_321' title='bbox 753 4112 976 4183; x_wconf 84' lang='lat' dir='ltr'><strong>Xenophontem</strong></span> <span class='ocrx_word' id='word_1_322' title='bbox 997 4111 1122 4181; x_wconf 76' lang='lat' dir='ltr'><strong>affuisse,</strong></span> <span class='ocrx_word' id='word_1_323' title='bbox 1142 4131 1228 4181; x_wconf 89' lang='lat' dir='ltr'><strong>quam</strong></span> <span class='ocrx_word' id='word_1_324' title='bbox 1247 4118 1382 4168; x_wconf 87' lang='lat' dir='ltr'><strong>accurate</strong></span> 
     </span>
     <span class='ocr_line' id='line_1_38' title="bbox 207 4200 1383 4273; baseline 0.002 -18"><span class='ocrx_word' id='word_1_325' title='bbox 207 4208 236 4255; x_wconf 90' lang='lat' dir='ltr'><strong>et</strong></span> <span class='ocrx_word' id='word_1_326' title='bbox 254 4206 287 4255; x_wconf 89' lang='lat' dir='ltr'><strong>ut</strong></span> <span class='ocrx_word' id='word_1_327' title='bbox 311 4218 446 4270; x_wconf 88' lang='lat' dir='ltr'><strong>praesens</strong></span> <span class='ocrx_word' id='word_1_328' title='bbox 470 4218 566 4254; x_wconf 89' lang='lat' dir='ltr'><strong>rerum</strong></span> <span class='ocrx_word' id='word_1_329' title='bbox 591 4200 673 4254; x_wconf 87' lang='lat' dir='ltr'><strong>testis</strong></span> <span class='ocrx_word' id='word_1_330' title='bbox 701 4200 836 4255; x_wconf 85' lang='lat' dir='ltr'><strong>describit</strong></span> <span class='ocrx_word' id='word_1_331' title='bbox 856 4201 934 4271; x_wconf 88' lang='lat' dir='ltr'><strong>(Hell</strong></span> <span class='ocrx_word' id='word_1_332' title='bbox 952 4201 994 4254; x_wconf 92' lang='lat' dir='ltr'><strong>IV</strong></span> <span class='ocrx_word' id='word_1_333' title='bbox 1012 4203 1037 4269; x_wconf 83' lang='lat'><strong>3,</strong></span> <span class='ocrx_word' id='word_1_334' title='bbox 1059 4200 1112 4270; x_wconf 77' lang='lat'>15),</span> <span class='ocrx_word' id='word_1_335' title='bbox 1138 4207 1239 4272; x_wconf 88' lang='lat' dir='ltr'><strong>postea</strong></span> <span class='ocrx_word' id='word_1_336' title='bbox 1267 4220 1383 4273; x_wconf 90' lang='lat' dir='ltr'><strong>quoque</strong></span> 
     </span>
    </p>

    <p class='ocr_par' dir='ltr' id='par_1_7' title="bbox 142 4288 1382 4451">
     <span class='ocr_line' id='line_1_39' title="bbox 142 4288 1382 4361; baseline 0.002 -17"><span class='ocrx_word' id='word_1_337' title='bbox 142 4297 146 4304; x_wconf 88' lang='lat'>&#39;</span> <span class='ocrx_word' id='word_1_338' title='bbox 206 4290 341 4361; x_wconf 84' lang='lat' dir='ltr'><strong>Agesilao</strong></span> <span class='ocrx_word' id='word_1_339' title='bbox 361 4289 498 4343; x_wconf 84' lang='lat' dir='ltr'><strong>familiari</strong></span> <span class='ocrx_word' id='word_1_340' title='bbox 520 4307 605 4343; x_wconf 90' lang='lat' dir='ltr'><strong>usum</strong></span> <span class='ocrx_word' id='word_1_341' title='bbox 629 4306 690 4343; x_wconf 88' lang='lat' dir='ltr'><strong>esse</strong></span> <span class='ocrx_word' id='word_1_342' title='bbox 710 4288 798 4358; x_wconf 66' lang='lat' dir='ltr'><strong>(Plus</strong></span> <span class='ocrx_word' id='word_1_343' title='bbox 817 4290 924 4360; x_wconf 82' lang='lat' dir='ltr'><strong>Agesil.</strong></span> <span class='ocrx_word' id='word_1_344' title='bbox 944 4289 1003 4342; x_wconf 93' lang='lat' dir='ltr'><strong>XX</strong></span> <span class='ocrx_word' id='word_1_345' title='bbox 1023 4288 1057 4359; x_wconf 86' lang='lat'><strong>1),</strong></span> <span class='ocrx_word' id='word_1_346' title='bbox 1078 4291 1128 4343; x_wconf 90' lang='lat' dir='ltr'><strong>sed</strong></span> <span class='ocrx_word' id='word_1_347' title='bbox 1147 4290 1177 4343; x_wconf 90' lang='lat' dir='ltr'><strong>in</strong></span> <span class='ocrx_word' id='word_1_348' title='bbox 1196 4290 1246 4344; x_wconf 90' lang='lat' dir='ltr'><strong>illo</strong></span> <span class='ocrx_word' id='word_1_349' title='bbox 1270 4291 1382 4360; x_wconf 88' lang='lat' dir='ltr'><strong>proelio</strong></span> 
     </span>
     <span class='ocr_line' id='line_1_40' title="bbox 206 4378 1219 4451; baseline 0 -19"><span class='ocrx_word' id='word_1_350' title='bbox 206 4378 301 4451; x_wconf 88' lang='lat' dir='ltr'><strong>ipsum</strong></span> <span class='ocrx_word' id='word_1_351' title='bbox 320 4397 377 4433; x_wconf 93' lang='lat' dir='ltr'><strong>non</strong></span> <span class='ocrx_word' id='word_1_352' title='bbox 396 4396 550 4450; x_wconf 88' lang='lat' dir='ltr'><strong>pugnasse.</strong></span> <span class='ocrx_word' id='word_1_353' title='bbox 588 4378 671 4447; x_wconf 80' lang='lat' dir='ltr'><strong>Quod</strong></span> <span class='ocrx_word' id='word_1_354' title='bbox 689 4378 796 4434; x_wconf 91' lang='lat' dir='ltr'><strong>mirum</strong></span> <span class='ocrx_word' id='word_1_355' title='bbox 814 4396 882 4433; x_wconf 90' lang='lat' dir='ltr'><strong>sane</strong></span> <span class='ocrx_word' id='word_1_356' title='bbox 901 4386 977 4434; x_wconf 88' lang='lat' dir='ltr'><strong>esset</strong></span> <span class='ocrx_word' id='word_1_357' title='bbox 995 4384 1024 4433; x_wconf 88' lang='lat' dir='ltr'><strong>et</strong></span> <span class='ocrx_word' id='word_1_358' title='bbox 1043 4378 1219 4433; x_wconf 77' lang='lat' dir='ltr'><strong>inauditum!</strong></span> 
     </span>
    </p>
   </div>
   <div class='ocr_carea' id='block_1_7' title="bbox 0 0 1444 4852">
    <p class='ocr_par' dir='ltr' id='par_1_8' title="bbox 0 0 1444 4852">
     <span class='ocr_line' id='line_1_41' title="bbox 0 0 1444 4852; baseline 0 0"><span class='ocrx_word' id='word_1_359' title='bbox 0 0 1444 4852; x_wconf 95' lang='lat' dir='ltr'><strong> </strong></span> 
     </span>
    </p>
   </div>
  </div>
 </body>
</html>
