2904 4846
688 206 905 276 ..84-

211 416 238 458 a.
247 390 611 477 378additum‚librum
624 393 736 478 ipsum
750 399 849 457 antea
859 391 1051 475 (Nisohium
1066 389 1094 455 si
1108 390 1281 475 sequimur
1292 389 1387 455 inter

212 500 440 584 1383-381,
458 501 488 564 11
500 501 748 583 Naumannum,
767 522 843 563 oum
859 499 1006 584 primum
1021 497 1388 583 XenophonSoillunte

211 590 423 672 consedisset
458 631 486 672 1.
512 608 620 672 387-
628 604 707 689 385)
741 606 904 692 seriptum
939 628 1012 669 1111
1047 604 1217 670 dixerunt.
1276 603 1388 682 Quam

211 715 417 778 sententiam
440 721 479 778 ut
502 713 731 798 confirmaret,
766 715 987 778 Naumannus
1021 735 1127 776 unum
1161 711 1261 777 modo
1285 734 1387 797 argu-

210 828 364 886 mentum
388 822 517 906 attulit,
548 822 607 906 qui
631 820 716 886 dioit
739 844 771 906 p.
796 820 853 884 29:
891 841 1020 904 „neque
1056 821 1265 906 scriptorem·
1288 824 1387 884 tanto

211 929 323 993 studio
348 935 382 993 et
405 951 545 993 assensu
568 929 811 1014 Spartanorum
829 927 936 992 vitam
952 934 1168 1013 persecutum
1184 925 1227 991 ad
1250 926 1387 1012 vitupe-

209 1035 377 1101 rationem
411 1042 490 1119 tam,
516 1036 669 1101 acerbam
704 1034 803 1100 facile
838 1040 898 1099 ant
920 1031 1087 1098 'celeriter
1121 1033 1277 1112 adactum
1312 1056 1387 1100 esse

209 1143 384 1228 putaveris
409 1150 443 1207 et
467 1144 540 1228 ipse
563 1166 673 1208 mores
697 1148 880 1228 corruptos,
904 1141 1096 1227 imperandi
1113 1140 1278 1226 studium,
1306 1141 1387 1205 libi-

211 1249 327 1313 dinem
343 1250 592 1315 intolerabilem
608 1256 756 1333 aoousat3
782 1272 867 1334 quae
890 1271 960 1313 non
982 1249 1099 1335 paucis
1116 1249 1299 1332 mensibus,
1326 1248 1388 1312 sed

211 1379 375 1422 annorum
400 1357 622 1443 complurium
650 1357 762 1442 spatio
796 1363 990 1422 nascuntur.
1050 1355 1160 1433 Quare
1194 1355 1262 1419 nisi
1297 1354 1387 1420 forte

213 1487 267 1528 res
290 1464 487 1529 aeciderunt
510 1465 682 1549 ingentes,
718 1463 906 1548 mirabiles,
941 1463 984 1528 ad
1007 1463 1211 1527 sententiam
1237 1463 1386 1527 certissi-

209 1594 299 1635 mam
312 1571 349 1635 in
362 1573 569 1637 eontrarium
580 1571 779 1637 vertendam
791 1571 943 1655 idoneae,
955 1571 1117 1657 temporis
1130 1569 1265 1655 aliquod
1278 1570 1385 1634 inter-

209 1679 338 1743 vallum
362 1679 452 1743 inter
479 1687 656 1764 utramque
680 1677 759 1743 libri
781 1685 912 1765 partem
936 1673 1138 1742 intercedit“
1147 1672 1181 1756 1),
1241 1675 1315 1753 Qua
1342 1677 1386 1743 de

210 1807 310 1850 eausa
332 1786 390 1851 ille
413 1792 484 1851 tam
507 1785 641 1851 facinus
665 1787 787 1871 ingens
811 1785 1031 1851 'commissum
1065 1807 1138 1849 esse
1173 1807 1274 1869 quam
1298 1790 1385 1848 tem-

209 1893 300 1977 poris
336 1893 484 1978 spatium
524 1893 758 1963 intercessisse
797 1900 950 1958 statuens
988 1892 1114 1957 librum
1149 1899 1227 1956 ante
1257 1891 1384 1956 Manti-
1443 1938 1446 1944 ·

209 1999 368 2063 nensium
390 1999 508 2064 urbem
533 2024 560 2064 a.
586 2002 650 2066 385
674 2001 711 2064 in
734 2001 829 2065 vioos
853 1999 1050 2064 distractam
1074 1999 1251 2084 seriptum,
1283 2006 1385 2084 caput

211 2112 368 2190 quartum
392 2106 561 2172 decimum
585 2130 613 2172 1.
632 2108 697 2172 378
720 2106 874 2171 additum
895 2106 1077 2171 existimat.
1109 2105 1158 2172 At
1173 2106 1385 2192 Xenophon-

209 2217 279 2276 tem
304 2213 442 2304 omnino
466 2215 671 2279 sententiam
687 2222 836 2279 mutasse
853 2236 962 2298 neque
977 2215 1198 2278 Naumannus
1213 2213 1384 2299 probavit,

208 2342 319 2405 neque
341 2320 478 2407 probari
501 2328 623 2407 potest,
649 2320 709 2386 sed
732 2344 818 2406 quae
842 2320 901 2385 diu
924 2321 982 2384 ille
1006 2321 1156 2386 obsoleta
1191 2322 1309 2405 sciret,
1345 2343 1386 2385 ea

209 2428 305 2492 velut
328 2450 388 2493 sua
404 2435 514 2494 aetate
530 2430 697 2514 vigerent,
722 2429 888 2511 narravit3
914 2426 968 2492 fao
984 2428 1075 2491 enim
1100 2450 1177 2492 euin
1193 2450 1269 2491 oum
1285 2429 1384 2492 Man-

209 2534 303 2598 tinea
339 2535 529 2600 dirueretur
564 2536 774 2602 intellexisse
797 2535 1082 2600 Lacedaemonios
1110 2535 1178 2599 iam
1206 2535 1316 2620 magis
1345 2541 1385 2599 ut

209 2641 417 2727 imperarent
453 2643 604 2728 studere,
639 2667 740 2728 quam
774 2650 813 2707 ut
836 2642 979 2728 imperio
1002 2642 1101 2727 digni
1137 2647 1264 2725 essent,
1300 2665 1386 2707 num

209 2753 282 2813 tum
306 2771 438 2834 quoque
462 2750 573 2816 subito
597 2751 796 2837 peregrinos
820 2751 888 2814 iam
911 2771 980 2813 non
1004 2749 1160 2834 expulsos
1183 2748 1273 2814 vidit
1289 2749 1383 2829 (Lao.

145 2865 150 2872 ’
208 2855 311 2942 Resp.
346 2857 434 2922 XIV
469 2853 503 2940 3)
547 2880 590 2921 an
639 2857 778 2922 divitias
828 2857 910 2921 olim
959 2856 1158 2920 interdictas
1207 2863 1290 2921 tuno
1340 2857 1384 2922 ab

209 2957 365 3027 omnibus
389 2965 557 3050 appetitas
581 2963 675 3046 (ibid.
699 2986 770 3050 par.
787 2962 841 3042 eil?
872 2963 968 3028 Fieri
990 2986 1060 3028 non
1075 2964 1198 3050 potuit,
1222 2969 1385 3049 utquam

208 3092 236 3134 1.
254 3071 319 3134 385
343 3069 385 3134 de
408 3071 462 3136 hi's
485 3073 585 3137 rebus
610 3072 815 3136 sententiam
837 3071 966 3154 habuit,
1003 3093 1077 3134 eam
1101 3093 1128 3135 a.
1154 3071 1219 3135 378
1243 3071 1280 3134 iu
1301 3093 1384 3136 oon-

210 3177 352 3242 trarium
386 3179 560 3262 vertissem
597 3180 679 3248 talia
714 3179 806 3242 enim
840 3200 910 3241 non
945 3178 1062 3241 decem
1095 3178 1152 3242 vel
1186 3177 1385 3262 quindecim

209 3307 390 3361 annorum
410 3286 520 3372 spatio
555 3286 724 3371 irrepunt3
760 3285 874 3369 itaque
901 3284 1097 3370 Xenophon
1132 3308 1209 3349 oum
1236 3285 1316 3350 inde
1340 3286 1384 3351 ab

208 3413 236 3456 1.
254 3392 320 3456 394
351 3393 492 3478 Spartae
515 3401 716 3477 versaretur,
751 3393 835 3457 haee
858 3392 957 3477 vidit,
981 3415 1050 3457 non
1066 3399 1183 3478 postea
1207 3394 1384 3478 comperit.

209 3499 361 3563 Nitsehii
384 3522 464 3564 vero
489 3500 613 3584 opini0,
639 3500 698 3584 qui
720 3501 811 3564 inter
834 3522 862 3564 a.
881 3499 945 3564 381
970 3507 1004 3564 11
1028 3500 1094 3563 378
1107 3499 1385 3586 ¹Xenophontem

210 3605 251 3670 de
275 3607 330 3671 his
353 3607 454 3671 rebus
483 3606 689 3671 sententiam
724 3614 872 3672 mutasse
908 3607 1095 3690 existimat,
1131 3607 1234 3671 etiam
1267 3608 1385 3673 minus

207 3712 393 3799 probabilis
418 3719 479 3777 est.
527 3713 637 3790 Quare
673 3719 783 3778 totum
814 3714 968 3778 libellum
1006 3713 1095 3778 oiroa
1128 3737 1157 3778 1.
1182 3715 1257 3798 378,
1292 3697 1405 3780 oe'rte¹

207 3820 824 3906 11111138711371111111111111111
860 3844 933 3885 esse
961 3843 1091 3886 censeo.
1132 3821 1267 3887 Similia
1300 3845 1384 3889 vero

315 4005 342 4075 1)
380 4004 492 4058 Similia
516 4004 677 4076 disputavit
700 4005 840 4059 Wulffius
864 4005 1005 4074 (Quaestt.
1030 4005 1060 4059 in
1078 4005 1152 4059 Xen.
1177 4004 1212 4060 de
1235 4023 1293 4077 rep.
1313 4006 1383 4062 Lao.

207 4095 255 4150 lib.
276 4095 436 4151 institutae.
455 4093 611 4149 Monastor.
634 4095 723 4165 1884),
743 4094 792 4166 qui
805 4095 901 4166 ipsum
914 4095 1020 4149 librum
1034 4114 1058 4149 a.
1072 4095 1154 4164 asela
1172 4094 1202 4149 in
1216 4096 1286 4150 Asia
1305 4097 1384 4167 apud

207 4185 377 4258 Agesilaum
396 4184 587 4256 compositum
607 4191 704 4239 censet
723 4182 761 4255 (p.
776 4186 811 4238 50
829 4187 910 4256 squ),
929 4204 952 4239 o.
971 4184 1043 4239 XIV
1068 4185 1227 4256 posteriore
1251 4191 1383 4257 tempore

206 4275 355 4346 seriptum,
369 4293 434 4329 aum
448 4274 612 4345 Xenophon
632 4274 808 4346 experientia
822 4274 940 4328 edoctus
953 4291 1047 4327 mores
1060 4273 1267 4345 Spartanorum
1280 4275 1382 4345 depra-

206 4370 290 4419 vatos
304 4365 491 4438 cognovisset
506 4367 544 4435 (p.
565 4365 600 4418 54
618 4364 697 4435 sqq.).
