2880 4852
544 203 761 267 „21-

66 388 134 467 est,
162 381 224 447 hac
252 405 383 467 quoque
412 405 450 446 re
476 381 743 468 Xenophontem
766 404 795 445 a.
820 380 886 444 394
921 377 1021 444 exilio
1056 379 1238 445 multatum
1275 374 1287 378 ''

65 512 140 555 esse
168 491 337 576 probatur.
384 491 627 555 Verumtamen
654 489 743 554 lster
771 488 913 554 fortasse
940 492 1032 551 recte
1063 508 1140 551 eum
1167 487 1237 552 Eu-

65 585 146 662 hulo
170 598 330 664 archonte
355 598 563 682 damnatum,
594 599 700 662 altero
723 596 857 660 Eubulo
882 602 1017 659 auctore
1040 599 1238 659 revocatum

66 727 140 768 esse
165 698 261 789 diirit,
286 705 554 791 posterioresque
574 704 753 789 scriptores
777 703 839 767 hoc
856 703 904 766 ita
920 702 1173 786 intellexerunt,
1197 708 1238 767 ut

66 811 186 876 eodem
208 813 342 877 Eubulo
366 817 501 876 auctore
516 811 783 896 Xenophontem
807 809 1005 874 damnatum
1025 814 1236 873 revocatum·
1301 847 1302 851 =

65 941 131 1003 que
155 918 317 984 dicerent.
361 919 460 983 Tales
490 941 570 983 vero
601 940 710 1002 nugas
738 918 806 980 iam
830 917 1007 981 Timaeum
1035 916 1072 981 in
1094 916 1237 981 historia

64 1026 244 1091 scribenda
271 1032 436 1091 sectatum
460 1048 531 1089 esse
544 1025 746 1090 Plutarchus
771 1024 899 1104 (Nicias
912 1047 939 1088 c.
955 1024 986 1103 1)
1004 1030 1039 1088 et
1055 1023 1234 1109 Longinus

65 1127 156 1216 (περὶ
180 1122 286 1216 ὕψους
308 1135 339 1216 4,
366 1132 397 1212 1)
421 1140 527 1197 testes
552 1138 640 1233 sunt.
665 1129 740 1216 (cfr.
764 1132 873 1214 Blass,
891 1131 1050 1196 Attische
1072 1129 1236 1195 Beredsk.

62 1264 97 1306 v.
122 1240 316 1305 Alexander
339 1240 392 1305 bis
416 1239 592 1325 Augustus
616 1263 648 1326 p.
673 1239 727 1323 43,
752 1234 798 1321 2.)

172 1348 289 1412 Patria
317 1348 424 1432 igitur
452 1370 528 1411 cum
551 1346 748 1432 Xenophon
772 1345 840 1409 iam
864 1352 1006 1429 careret,
1042 1367 1080 1421 eo
1110 1345 1236 1410 maiore

65 1455 161 1520 cultu
185 1462 219 1519 et
241 1455 461 1519 veneratione
477 1454 677 1539 Agesilaum
701 1454 876 1538 amplexus
899 1459 973 1517 tum
996 1453 1237 1541 primumcum

64 1562 179 1627 saucio
204 1563 261 1626 illo
280 1562 437 1648 Spartam
452 1561 588 1625 venisse
605 1561 720 1645 ibique
735 1583 842 1644 usque
860 1559 902 1623 ad
919 1583 947 1625 a.
964 1561 1039 1645 391,
1064 1583 1129 1645 quo
1149 1583 1236 1625 anno

64 1669 247 1754 Agesilaus
272 1669 423 1733 exercitu
445 1669 648 1734 Corinthum
670 1666 842 1753 profectus
867 1673 919 1731 est
942 1663 1045 1750 (Hell.
1063 1668 1113 1734 IV
1128 1668 1160 1752 4,
1185 1668 1235 1731 19.

66 1779 174 1843 Grote
196 1777 241 1841 H.
259 1776 298 1841 of
310 1777 367 1840 Gr.
392 1777 447 1840 IX
469 1772 545 1840 470.
570 1771 651 1857 455)
676 1780 900 1839 commoratus
923 1797 1030 1859 usque
1052 1772 1094 1838 ad
1117 1797 1237 1860 pacem

61 1883 303 1949 Antalcideam
342 1906 370 1948 a.
406 1883 470 1947 387
506 1905 621 1967 regem
656 1887 805 1948 sectatus
841 1903 913 1946 esse
948 1881 1093 1946 videtur.
1149 1881 1236 1945 Cum

64 1991 158 2055 enim
181 1990 442 2076 probalilissima
470 1990 515 2054 sit
539 1989 651 2056 Grotii
675 1989 860 2073 sententia,
885 1990 944 2074 qui
966 1989 1234 2075 Xenophontem

62 2122 92 2162 a.
119 2098 184 2161 390
212 2098 249 2161 in
277 2097 397 2161 castris
425 2096 579 2181 Agesilai
607 2096 696 2182 apud
723 2098 895 2161 Heraeum
924 2097 1099 2161 castellum
1129 2095 1235 2161 fuisse

62 2205 197 2270 censuit
213 2202 270 2288 (H.
288 2227 320 2268 v.
339 2205 380 2270 G.
396 2205 452 2268 IX
466 2198 578 2287 4701)
595 2226 705 2288 neque
721 2203 940 2288 Hertzbergii
956 2204 1159 2286 coniectura,
1177 2204 1236 2288 qui

61 2335 140 2377 eum
164 2311 359 2396 insequenti
383 2333 515 2396 quoque
538 2333 627 2375 anno
648 2310 803 2396 Agesilai
826 2310 1074 2375 inAcarnanes
1098 2310 1235 2396 expedi-

61 2420 169 2485 tionis
193 2419 322 2483 socium
345 2418 451 2483 fuisse
476 2418 564 2482 dixit
588 2416 623 2501 (l.
648 2419 669 2482 l.
694 2442 727 2503 p.
752 2419 825 2482 269.
849 2440 881 2482 n.
907 2413 1004 2501 35)2),
1030 2440 1107 2482 eum
1129 2440 1236 2503 usque

64 2526 109 2591 ad
132 2549 251 2610 pacem
273 2549 302 2590 a.
328 2527 392 2589 387
421 2525 542 2589 initam
571 2524 661 2611 apud
688 2547 804 2610 regem
816 2518 823 2610 '¹
831 2531 1004 2589 versatum
1037 2547 1109 2589 esse
1140 2530 1233 2610 putu.

61 2632 197 2698 Deinde
222 2633 422 2698 Scilluntem
445 2632 624 2717 migravit,
653 2632 743 2717 quod
767 2632 930 2719 oppidum
964 2632 1092 2717 viginti
1127 2631 1237 2696 stadia

62 2739 105 2804 ab
130 2740 290 2826 Olympia
313 2747 479 2804 remotum
503 2737 626 2822 (Anab.
652 2740 684 2804 V
708 2740 738 2822 3,
766 2739 818 2818 11)
843 2763 871 2804 a.
895 2740 971 2803 400.
997 2737 1118 2821 (Grote
1138 2740 1184 2805 H.
1201 2738 1240 2804 of

64 2848 124 2912 Gr.
160 2848 215 2911 IX
248 2848 321 2911 311.
352 2844 431 2930 316)
465 2869 541 2911 cum
578 2847 699 2911 ceteris
736 2846 934 2931 Triphyliae
964 2846 1105 2933 oppidis
1140 2847 1235 2911 Eleis

63 2960 217 3040 ereptum
239 2953 435 3039 Xenophon
463 2953 599 3038 quidem
629 2954 718 3018 Hell.
743 2954 797 3016 HI
821 2955 851 3037 2,
877 2954 920 3016 30
942 2976 1012 3018 11011
1035 2977 1235 3019 0011111101110-

62 3062 167 3143 ravit,
207 3061 266 3125 sed
301 3067 454 3147 ereptum
488 3083 560 3124 esse
594 3083 613 3124 a
645 3059 925 3125 Lacedaemoniis
948 3061 1236 3126 verisimillimum

61 3173 124 3250 est,
142 3190 219 3232 cum
235 3169 290 3232 vel
305 3166 469 3232 Pisatidis
486 3167 610 3253 oppida
620 3167 789 3251 Letrinos,
805 3167 994 3252 MarganeS,
1011 3167 1235 3254 Amphidolos

60 3275 131 3339 illis
153 3274 286 3339 tradere
302 3275 380 3339 Elei
396 3281 607 3360 cogerentur.
643 3273 713 3340 Ubi
734 3297 904 3339 eumcum
922 3298 941 3339 a
957 3275 1236 3341 Lacedaemoniis

62 3373 172 3442 οἰκίαν
206 3376 262 3442 καὶ
296 3371 394 3465 ἀγρὸν
427 3376 654 3467 accepisset3),
676 3395 750 3468 'per
780 3381 896 3446 decem
931 3388 966 3447 et
1000 3388 1131 3469 septem
1165 3382 1238 3447 fere

171 3578 198 3641 1)
235 3575 286 3629 cfr.
312 3593 397 3645 quam
424 3574 559 3628 minimas
587 3592 632 3628 res
661 3575 758 3632 refert.
779 3575 858 3630 Hell.
886 3576 928 3629 IV
953 3578 977 3642 5,
1001 3578 1018 3630 2
1042 3569 1237 3635 καταλιπόντες

60 3668 109 3716 καὶ
128 3656 161 3715 τὰ
174 3667 312 3734 τεθηαένα
332 3667 378 3714 καὶ
391 3656 423 3714 τὰ
438 3657 699 3734 ἀριστοποιούμενα.
719 3664 737 3716 4
756 3665 877 3735 (καίριον
896 3657 1044 3736 ἐνθύμημα
1062 3658 1235 3734 Ἀγησιλάου)

33 3762 37 3768 ’
61 3755 78 3807 6
97 3747 174 3824 μάλα
195 3746 248 3804 ὑπὸ
261 3751 314 3804 τῶν
327 3746 472 3822 παρόντων
484 3745 684 3824 θεωρούμενος,
711 3755 726 3808 7
746 3747 822 3824 μάλα
842 3753 957 3824 ἰσχυρῶς
977 3753 1235 3824 ἱδρῶντιτῴλῆτπῳ.

169 3841 197 3911 2)
236 3843 298 3909 Quo
318 3842 390 3895 libro
410 3842 510 3896 utendi
529 3861 593 3896 cum
624 3843 696 3896 mihi
721 3843 846 3896 facultas
868 3861 927 3897 non
946 3844 992 3913 sit,
1021 3845 1124 3916 quibus
1152 3865 1236 3917 argu·

61 3932 170 3986 mentis
179 3931 227 3985 ille
240 3931 414 3985 sententiam
427 3950 508 3986 suam
522 3931 745 4000 confirmaverit,
758 3932 867 4001 nescio;
886 3939 1016 3987 attamen
1028 3934 1074 3989 his
1083 3935 1235 4007 praecipue

60 4021 133 4075 locis
156 4020 296 4075 utendum
319 4039 380 4075 esso
399 4026 483 4092 puto:
519 4021 562 4076 IV
585 4023 645 4090 6,6
673 4025 783 4094 πέμπτῃ
811 4013 828 4088 ἢ
856 4020 916 4094 ἕκτῃ
945 4026 991 4075 καὶ
1018 4017 1116 4096 δεκάτῃ
1144 4016 1234 4095 ἡμέρα

59 4104 76 4177 ἦ
97 4113 180 4181 λίμνη
200 4114 263 4180 περὶ
282 4102 315 4176 ἢν
333 4103 365 4161 τὰ
384 4103 546 4181 βοσκήματα
565 4104 654 4162 πάντα
674 4104 707 4176 ἦν
725 4152 730 4162 .
745 4153 772 4163 ..
793 4113 816 4166 7.
836 4118 935 4183 καίπερ
955 4102 1006 4178 ἤδη
1032 4116 1096 4183 περὶ
1120 4111 1235 4165 δεῖπνον

172 4287 200 4358 3)
236 4289 321 4359 Diog.
341 4290 373 4343 L.
393 4291 477 4344 1152
499 4290 617 4344 laudato
636 4291 784 4344 Dinarcho
808 4290 858 4344 cfr.
884 4292 975 4344 Paus:
1003 4293 1030 4345 V
1049 4292 1073 4361 6,
1094 4293 1123 4345 5:
1143 4295 1233 4344 Λακε-

63 4371 212 4450 δαιμόνιοι
233 4377 400 4430 Σκιλλοῦντα
421 4371 644 4449 ἀποτεμνόμενοι
664 4378 709 4444 τῆς
727 4372 834 4437 Ἠλείας
855 4379 1012 4449 Ξενοφῶντι
1032 4379 1135 4433 ἔδοσαν
1154 4379 1192 4450 (1).
