2880 4852
618 246 837 315 .-61ω

248 428 317 495 Sed
341 436 522 514 antequam
537 429 718 494 Hellenica
740 428 844 493 missa
867 427 978 493 facere
993 449 1180 515 possumus,
1204 448 1311 514 pauca

159 531 190 599 de
209 558 320 603 eorum
336 537 508 601 sententia
523 535 679 600 addenda
695 542 784 620 sunt,
809 536 868 621 qui
891 558 961 603 non
976 535 1084 622 ipsius
1099 534 1309 622 Xenophon-

155 639 191 706 tis
211 665 302 731 opusr,
328 642 388 708 sed
412 643 584 729 epitomen
607 642 706 708 modo
730 666 771 708 ex
795 665 834 708 eo
851 641 983 708 'factam
1017 641 1115 707 nobis
1143 648 1311 708 servatam

152 766 216 816 esse
235 757 369 837 putant.
428 751 522 828 Quae
555 751 685 836 primus
714 750 889 835 Campius,
923 749 1179 814 Hellenicorum
1206 749 1311 813 inter-
1339 775 1341 778 ¹

142 864 290 934 pretator
312 857 546 942 Germanicam,
570 857 637 922 sibi
660 858 829 943 persuasit
853 858 894 937 (a.
912 857 998 920 1856
1021 855 1127 942 praef.
1150 878 1184 943 p.
1200 853 1310 940 VIII),

138 954 263 1030 deinde
293 964 442 1043 Graecus
477 963 602 1030 doctus,
619 955 812 1052 Kvaqravo'g
834 957 926 1047 (περὶ
949 962 1015 1023 τῶν
1034 951 1230 1047 Ἑλληνικῶν
1252 962 1311 1024 τοῦ

132 1056 362 1157 Ξενοφῶντος.
412 1071 506 1137 1859.
546 1070 687 1152 Athen.)
730 1093 794 1135 nec
838 1093 909 1135 non
942 1093 999 1136 vv.
1028 1069 1083 1136 dd.
1108 1071 1313 1156 Jungclaus-

128 1188 203 1243 Son
228 1179 354 1273 (progr.
378 1178 529 1244 Meldorf
550 1178 662 1264 1862),
696 1179 738 1243 Ι).
764 1178 942 1244 Fabricius
978 1173 1111 1261 (Jahrb.
1141 1177 1164 1242 f.
1188 1178 1312 1243 Philol.

126 1279 167 1347 t.
192 1281 335 1372 93,455),
362 1287 503 1352 Grosser
526 1284 621 1371 (ibid.
639 1309 672 1372 p.
686 1287 765 1368 721;
790 1293 814 1350 t.
828 1285 872 1350 95
887 1308 919 1370 p.
938 1286 1016 1368 7373
1041 1292 1065 1350 t.
1085 1285 1157 1368 105,
1177 1307 1210 1372 p.
1224 1285 1313 1367 723).

131 1385 210 1470 Qui
233 1393 277 1458 ad
301 1394 507 1458 sententiam
531 1415 627 1458 suam
650 1392 916 1458 confirmandam
946 1391 1076 1468 duobus
1099 1393 1316 1479 potissimum

131 1501 355 1586 argumentis
377 1501 432 1565 usi
455 1506 545 1566 sunt.
591 1500 745 1564 Primum
774 1499 866 1564 enim
893 1499 1019 1564 librum
1047 1505 1100 1564 tot
1123 1499 1219 1564 vitiis
1243 1521 1314 1564 oor·

131 1613 280 1694 ruptum
305 1609 399 1673 etin
422 1630 487 1692 quo
511 1614 563 1673 tot
585 1630 639 1672 res
661 1607 918 1693 praetermissae
943 1613 1036 1691 sunt,
1062 1629 1146 1691 quae
1171 1628 1314 1671 comme-

135 1714 324 1780 morandae
358 1714 510 1800 fuerunt,
546 1738 566 1779 a
592 1715 821 1801 Xenophonte
856 1714 958 1780 scribi
992 1715 1142 1800 potuisse
1176 1719 1314 1798 negant,

141 1821 267 1887 deinde
282 1822 503 1887 Plutarchum
516 1823 582 1887 alia
598 1829 633 1887 et
645 1845 685 1886 ea
700 1823 864 1909 ampliora
879 1821 1120 1909 Xenophontis
1136 1819 1316 1885 Hellenica

142 1927 268 2014 legisse
303 1929 523 1995 contendunt.
583 1929 733 2006 Quorum
766 1929 914 2014 primum
949 1935 1188 2014 argumentum
1226 1926 1316 2014 apud
1426 1996 1432 2001 ,

144 2036 317 2101 neminem
339 2036 477 2121 valebit,
507 2037 565 2122 qui
589 2036 631 2101 de
654 2037 769 2102 indole
792 2043 894 2122 atque
917 2037 1058 2122 ingenio
1073 2035 1315 2127 Xenophontis

149 2143 244 2208 aliter
266 2142 405 2227 iudicat,
431 2150 465 2208 et
481 2167 558 2208 eum
573 2166 643 2209 non
658 2144 772 2209 nescio
797 2166 896 2228 quem
912 2144 1121 2228 praeclarum
1138 2165 1177 2207 ac
1199 2142 1316 2226 singu-

149 2249 249 2315 larem
272 2250 472 2316 historicum
488 2249 605 2337 fuisse,
629 2250 689 2321 sed
704 2252 803 2317 rebus
819 2234 1024 2315 militaribus
1049 2255 1084 2314 et
1104 2248 1316 2335 equestribus

152 2358 257 2444 magis
281 2357 466 2422 eminuisse
490 2380 590 2443 quam
616 2359 755 2442 litteriS,
779 2358 1026 2444 praecipueque
1041 2356 1232 2421 Hellenicis
1247 2379 1318 2421 non

152 2486 258 2530 rerum
281 2472 455 2549 gestarum
483 2466 657 2553 scriptoris
686 2464 809 2531 officiis
837 2464 994 2530 functum
1022 2487 1110 2548 esse,
1143 2463 1203 2528 sed
1226 2463 1317 2548 Age·

153 2571 268 2638 silaum
292 2578 327 2636 et
341 2572 626 2638 Lacedaemonios
642 2572 863 2660 praedicandi
883 2571 1075 2637 occasiones
1099 2571 1317 2656 quaesivisse,

153 2679 366 2766 vituperandi
389 2679 545 2764 evitasse,
570 2686 604 2744 et
627 2702 712 2764 quae
735 2679 927 2745 adversaria
950 2675 1019 2743 illis
1043 2678 1249 2763 acciderunt,
1274 2678 1318 2742 si-

154 2783 253 2852 lentio
278 2786 493 2873 praeteriisse
518 2787 700 2852 existimat.
729 2786 885 2851 Alterum
901 2808 1001 2851 nemo
1016 2786 1085 2850 iam
1100 2785 1167 2851 sibi
1181 2807 1318 2872 persua-

153 2890 255 2978 debit,
293 2915 370 2957 cum
403 2874 624 2958 Plutarchum
657 2916 727 2959 non
750 2893 991 2980 Xenophontis
1018 2892 1223 2975 Hellenicis,
1260 2891 1319 2956 sed

152 2996 294 3088 Ephor0,
319 3001 377 3084 qui
392 3000 659 3088 Xenophontem
674 3001 768 3085 legit,
793 3023 892 3065 usum
908 3022 981 3064 esse
998 3005 1130 3064 constet
1137 2995 1171 3079 1).
1208 2998 1319 3075 Quare

152 3127 233 3192 quae
269 3106 366 3192 plura
399 3107 602 3172 Plutarchus
637 3107 775 3173 exhibet
809 3130 909 3193 quam
937 3107 1128 3192 Xenophon
1136 3125 1147 3190 ,·
1179 3128 1218 3170 ea
1249 3128 1319 3170 non

148 3209 327 3280 Hellenica
349 3213 391 3278 ab
415 3236 454 3279 eo
478 3215 640 3300 ampliora
656 3237 757 3300 quam
779 3237 840 3279 nos
864 3213 1027 3279 habemus
1049 3213 1138 3278 lecta
1154 3235 1227 3278 esse
1243 3235 1318 3300 pro-

149 3317 245 3406 bant,
274 3320 335 3386 sed
356 3321 494 3407 Ephoro
523 3321 704 3387 tribuenda
732 3329 821 3386 sunt.
867 3322 988 3407 Neque
1015 3320 1128 3384 minus
1150 3319 1319 3386 Diodorus

149 3515 249 3570 eodem
267 3514 341 3569 libro
360 3532 411 3586 per
429 3515 535 3569 multas
553 3514 675 3587 paginas
699 3515 795 3586 aliqua
820 3514 962 3586 particula
984 3532 1043 3568 non
1066 3514 1189 3585 legatur,
1217 3512 1319 3568 deinde

153 3603 248 3660 crebro
267 3604 298 3658 in
317 3603 417 3658 eadem
434 3604 543 3675 pagina
562 3604 613 3658 cfr.
633 3598 732 3670 δήπου,
761 3604 838 3675 quod
856 3602 1007 3674 quinquies
1025 3602 1102 3657 Hell.
1122 3602 1190 3671 113,
1203 3602 1319 3671 30-45,

154 3694 237 3748 semel
255 3693 286 3747 in
304 3698 407 3764 quarto
426 3699 455 3748 et
473 3693 574 3764 quinto
592 3693 667 3747 libro
685 3692 793 3764 legitur
812 3693 866 3763 (IV
883 3693 909 3763 8,
928 3694 959 3763 43
978 3693 1005 3746 V
1024 3694 1048 3761 1,
1069 3689 1127 3762 14);
1145 3679 1191 3757 ’δή
1218 3689 1263 3745 bis
1289 3690 1320 3744 in

155 3781 345 3854 Cyropaediae
363 3788 445 3837 sexto
459 3782 555 3839 octavi
567 3782 634 3837 libri
653 3782 754 3854 capite,
775 3784 809 3837 15
818 3782 859 3836 ies
877 3781 908 3835 in
920 3781 1007 3836 tertio
1025 3780 1111 3853 primi
1121 3780 1188 3834 libri
1207 3779 1321 3851 (quater

156 3867 182 3924 in
198 3871 298 3926 eadem
317 3871 444 3926 sectione
462 3872 478 3925 Ι
496 3873 522 3939 3,
541 3874 558 3924 2
577 3877 606 3926 et
624 3871 666 3941 9!)
687 3901 718 3909 -
738 3872 849 3925 Eadem
872 3870 984 3925 ratione
1002 3869 1199 3942 praecedentis
1218 3869 1320 3941 capitis

157 3958 237 4024 (HelL
250 3959 310 4015 VH
323 3958 350 4029 1)
368 3966 481 4033 partem
500 3960 622 4032 primam
642 3961 669 4030 (ξ
683 3962 782 4028 1-27)
799 3966 867 4032 post
879 3961 1000 4015 alteram
1013 3959 1041 4029 (ξ
1050 3961 1085 4014 27
1098 3958 1168 4030 -46)
1182 3959 1319 4030 scriptam

159 4063 213 4104 esse
240 4049 325 4104 facile
347 4048 490 4121 Sauppius
513 4050 634 4121 probare
652 4055 757 4121 posset,
781 4050 806 4104 si
830 4050 906 4104 forte
934 4055 1147 4122 argumentum,
1173 4054 1207 4102 ut
1234 4053 1320 4118 caput

159 4135 368 4209 discinderetur,
378 4139 567 4211 permitteret,
587 4139 701 4193 cumin
722 4139 839 4194 ducenis
857 4138 988 4195 versibus
1006 4143 1102 4211 μέντοι
1120 4138 1178 4193 illic
1196 4137 1249 4207 bis,
1272 4136 1320 4190 hic

160 4227 239 4283 octies
257 4229 380 4300 legatur.

259 4318 286 4385 1)
323 4316 375 4375 cfr.
408 4317 569 4388 Stedefeld,
601 4319 645 4373 De
677 4316 824 4388 Lysandri
855 4316 1023 4372 Plutarchei
1058 4316 1195 4375 fontibus.
1242 4317 1319 4371 1867.

162 4399 201 4460 W.
218 4407 328 4474 Frictio,
349 4407 469 4474 Quellen
489 4408 644 4461 Plutarchs
662 4408 703 4461 im
722 4409 820 4462 Leben
838 4407 864 4461 d.
879 4407 981 4461 Nihias
1004 4425 1030 4460 u.
1044 4406 1219 4460 Alkibiades.
1242 4407 1319 4461 1869.
