2880 4852
544 193 762 262 .-79-1

10 446 12 455 ,
66 356 240 440 Scillunte
267 375 533 464 Xenophontem
568 376 698 441 Iasonis
733 377 919 442 Pherarum
957 377 1097 463 tyranni
1136 378 1236 444 rebus

67 482 173 568 gestis
211 482 413 569 casibusque
452 489 656 550 commotum
694 483 784 548 huno
818 483 973 548 libellum
1008 485 1234 571 composuisse

47 597 284 681 censuerunt,
320 592 416 684 velut
443 591 689 656 Delbrueckius
714 589 818 671 (Xon.
843 615 876 677 p.
901 588 958 673 93)
987 599 1022 657 et
1045 591 1235 657 Holdenius

68 696 129 775 (ed.
145 697 241 763 Hier.
257 697 403 763 London
421 698 519 782 1883,
538 696 597 763 cfr.
615 698 733 783 Hagen
748 698 770 762 l.
787 694 834 782 1.),
860 721 1003 783 quorum
1023 699 1081 764 ille
1098 699 1236 784 quidem

68 803 138 889 ipse
161 827 241 870 suae
266 804 455 870 sententiae
471 827 542 870 non
558 827 716 889 magnam
731 802 853 869 tribuit
869 805 1113 890 auctoritatem,
1134 806 1236 871 huius

68 911 152 976 libro
175 910 298 976 utendi
321 910 464 977 facultas
488 910 575 976 mihi
597 934 666 976 non
682 911 763 995 fuit3
789 933 831 976 ex
848 912 922 998 ipso
937 934 1018 978 vero
1041 912 1128 977 libro
1153 912 1236 997 quid

66 1017 108 1082 ad
123 1019 330 1083 sententiam
346 1041 441 1083 suam
458 1018 723 1084 confirmandam
740 1018 858 1083 afferre
875 1019 1017 1105 possint,
1039 1041 1109 1083 non
1124 1019 1234 1085 video

65 1124 242 1189 Nitschius
267 1124 392 1189 deinde
415 1126 600 1191 Hieronem
625 1124 784 1190 Corinthi
808 1122 1106 1210 611666.367)66,
1130 1127 1235 1214 scrip-

62 1237 136 1295 turn
166 1232 340 1296 existimat
367 1256 444 1298 curn
467 1233 653 1318 Dionysius
681 1239 777 1317 patre
805 1239 937 1297 mortuo
964 1255 1078 1297 rerum
1106 1233 1235 1319 potitus

62 1346 168 1418 esset,
206 1338 349 1404 laudans
373 1363 400 1403 c.
425 1340 512 1405 VIII
535 1341 554 1418 ξ
581 1335 642 1422 1²),
677 1338 737 1404 ubi
765 1339 959 1404 Simonides
982 1340 1169 1404 Hieronem
1192 1350 1231 1404 ut

60 1445 181 1532 populi
204 1445 355 1511 favorem
380 1446 446 1511 sibi
460 1447 679 1531 conciliaret,
709 1468 844 1532 operam
868 1446 1002 1511 dedisse
1027 1446 1111 1512 dicit
1134 1444 1184 1530 (Z.
1210 1446 1233 1512 f.

59 1551 308 1637 Gymnasialw.
340 1555 434 1637 1874,
470 1555 549 1637 9513
585 1552 759 1618 Bursian's
787 1552 942 1618 Jahresb.
966 1553 1073 1619 XXV
1100 1577 1132 1640 p.
1162 1552 1228 1640 25),

59 1679 140 1722 cum
154 1658 360 1744 Dionysium
372 1660 472 1726 initio
487 1661 586 1746 regni
603 1682 718 1725 auram
730 1660 926 1753 popularem
943 1667 1096 1745 captasse
1112 1668 1232 1726 notum

58 1765 117 1830 sit.
172 1765 240 1831 Sed
273 1767 541 1853 Xenophontem
575 1767 644 1832 illis
679 1767 792 1832 verbis
827 1766 1032 1852 Dionysium
1067 1767 1234 1832 minorem

58 1872 252 1958 respexisse
275 1874 410 1959 probari
433 1897 502 1939 non
525 1881 646 1961 potest,
672 1896 748 1938 cum
771 1873 828 1937 ille
851 1895 922 1938 non
944 1895 1032 1938 1111116
1051 1881 1150 1958 66661,
1176 1875 1235 1959 qui

60 1977 126 2044 hoc
147 1979 299 2045 animum
320 1981 470 2064 induxit3
494 2005 604 2067 neque
621 2004 723 2067 quare
739 1980 934 2066 Xenophon
950 1987 1032 2045 tunc
1048 1988 1234 2047 commotus

61 2085 117 2170 sit,
143 2091 182 2150 ut
205 2086 247 2151 de
270 2089 412 2173 tyranni
444 2088 641 2154 condicione
676 2087 870 2172 dissereret,
906 2094 1078 2174 apparet.¹
1114 2089 1234 2173 Itaque

61 2191 123 2257 illa
145 2195 259 2259 omnia
283 2195 325 2260 ad
347 2196 428 2260 libri
455 2202 601 2261 aetatem
629 2194 902 2260 constituendam
930 2194 1017 2258 mihi
1048 2217 1118 2259 non
1151 2196 1234 2261 satis

62 2300 175 2365 valere
209 2301 380 2368 videntur.
429 2303 498 2368 Sed
524 2302 624 2369 valde
652 2301 779 2367 arridet
807 2301 919 2367 Grotii
954 2301 1140 2386 sententia,
1177 2303 1236 2386 qui

62 2405 325 2493 Xenophontem
350 2410 545 2497 Olympicos
569 2409 665 2474 ludos
695 2432 722 2473 a.
748 2409 813 2472 384
837 2406 1022 2472 celebratos
1045 2409 1234 2495 respexisse

63 2511 247 2579 arbitratus
272 2522 333 2580 661.
366 2517 554 2602 Dionysius
578 2515 686 2580 maior
709 2516 801 2580 enim
824 2520 863 2580 ut
885 2515 985 2580 bellis
1010 2516 1173 2582 confectis
1198 2517 1235 2582 in

63 2619 137 2706 ipsa
153 2621 298 2687 Graecia
315 2645 446 2708 quoque
468 2647 503 2688 66
525 2623 730 2688 celebratum
751 2621 888 2707 faceret,
912 2645 941 2687 a.
959 2623 1024 2687 384
1040 2623 1235 2710 Olympiam

63 2727 264 2815 quadrigas,
312 2729 519 2815 legationem
560 2753 691 2795 summa
731 2729 988 2815 magnificentia
1021 2730 1232 2814 instructam,

62 2842 202 2920 actores,
228 2836 287 2921 qui
310 2837 417 2922 ipsius
442 2837 572 2903 fabulas
602 2843 752 2922 agerent,
776 2835 881 2901 misit.
928 2837 1089 2923 Populus¹
1109 2858 1234 2902 veroa

60 2941 169 3026 Lysia
194 2942 409 3028 Panegyrica
443 2945 595 3010 oratione
629 2945 666 3008 in
701 2949 900 3028 tyrannum,
937 2943 996 3028 qui
1030 2950 1098 3008 tres
1133 2942 1234 3008 urbes

60 3048 218 3134 Graecas,
244 3049 452 3136 Cauloniam,
476 3053 636 3138 Regium,
660 3051 873 3136 Hipponium
897 3048 1123 3135 subverterat,
1149 3049 1234 3114 11161-

57 3162 153 3220 tatus
175 3156 384 3240 legationem
413 3181 593 3244 aggressus
622 3163 656 3222 61
686 3158 866 3243 quominus
901 3157 1013 3243 ipsum
1047 3157 1233 3221 tentorium

57 3261 241 3349 diriperet,
269 3265 531 3350 magistratuum
559 3265 657 3329 modo
687 3264 930 3328 intercessione
953 3263 1145 3351 prohibitus
1170 3269 1231 3327 est.

54 3369 325 3456 Xenophontem
363 3371 491 3457 igitur,
535 3372 594 3457 qui
631 3371 689 3436 illo
728 3377 880 3458 tempore
924 3371 1090 3437 Scillunte
1127 3392 1231 3456 prope

55 3476 222 3564 Olympia
255 3476 438 3562 habitaret,
476 3502 552 3542 cum
576 3484 610 3543 61
632 3500 790 3564 pompam
814 3477 975 3562 Dionysii
1002 3475 1162 3561 vidisset,
1198 3482 1233 3541 et

52 3584 178 3670 populi
202 3583 401 3650 devotiones
425 3584 734 3670 detestationesque
758 3584 959 3669 audivisset,
995 3585 1057 3648 hac
1084 3607 1120 3649 re
1144 3606 1233 3650 com-

54 3793 201 3849 maiorem
219 3795 384 3866 profectum
403 3801 470 3850 ante
489 3813 514 3849 a.
533 3796 585 3849 401
618 3796 775 3851 Hieronem
795 3795 989 3868 composuisse
1008 3801 1105 3851 censet
1124 3795 1233 3866 (Biogr.

56 3882 143 3937 univ.
161 3883 202 3938 LI
220 3883 284 3953 372)
304 3890 333 3938 ct
345 3884 486 3955 Angh'ous
505 3883 606 3938 doctus
626 3883 767 3953 Shindler,
797 3885 845 3955 qui
863 3902 954 3955 nuper
967 3885 1126 3940 Hieronem
1145 3884 1235 3939 edidit

55 3971 195 4040 (London
215 3973 304 4043 1884),
323 3973 372 4044 qui
384 3972 608 4044 Xenophontem
621 3972 722 4028 eodem
734 3979 870 4044 tempore,
890 3992 946 4045 quo
959 3974 1145 4042 LetronniuS,
1159 3972 1235 4043 apud

54 4059 234 4131 Dionysium
260 4067 477 4132 commoratum,
501 4061 659 4116 Hieronem
677 4080 746 4117 vero
765 4062 841 4117 inter
859 4081 883 4119 a.
903 4063 956 4117 399
975 4068 1004 4117 61
1023 4064 1077 4117 394
1094 4061 1234 4133 scriptum

55 4149 209 4206 existimat
228 4149 291 4221 (cfr.
312 4152 420 4224 Hager,
440 4152 515 4206 Berl.
536 4151 605 4223 phil.
626 4152 834 4206 Wochensohr.
854 4153 925 4205 1884
942 4171 970 4223 p.
984 4150 1055 4220 745).

170 4240 197 4307 1)
236 4282 241 4295 .
262 4282 268 4296 .
288 4285 294 4298 .
315 4243 427 4311 ἐπείπερ
447 4239 593 4312 ἐπιθυμῶν
612 4243 757 4310 φιλεῖσθαι
777 4233 823 4292 ὑπ’
848 4233 1004 4312 ἀνθρώπων
1026 4233 1159 4311 ἐμποδών
1182 4254 1227 4290 σοι

55 4321 158 4383 roiuov
176 4334 296 4402 νομίζεις
314 4323 362 4396 τὴν
382 4327 531 4403 τυραννίδα
552 4329 631 4382 εἶναι.
656 4367 659 4373 -
