2880 4852
617 164 812 228 ..7-

129 342 297 408 Dinarchi
320 345 519 409 auctoritate
541 343 665 429 utitur,
691 367 767 409 eum
791 344 829 409 11
851 343 1000 410 Socratis
1024 344 1096 408 vita
1118 366 1190 408 rem
1213 342 1299 408 refe·

129 447 206 535 rat),
231 451 337 516 maior
360 451 445 515 fides
468 450 684 535 tribueretur,
717 474 817 536 quam
840 451 908 537 ipsi
930 451 1166 537 Xenophonti.
1213 452 1301 516 Nam

130 557 190 642 qui
214 580 300 642 eum,
326 581 402 623 oum
415 558 468 622 -ad
486 559 613 643 Cyrum
636 559 906 644 proficisceretur
928 559 1087 623 iuvenem
1111 557 1216 623 fuisse
1235 557 1301 622 sibi

129 664 346 750 persuadent,
371 666 397 729 ii
420 665 463 730 ad
478 666 586 752 ipsius
602 665 790 731 Anabasim
804 673 992 750 recurrunt,
1017 667 1076 751 qui
1091 671 1202 729 aetate
1224 687 1300 750 pro·
1359 668 1365 753 ᾗ

131 772 326 857 vastiorem,
361 771 405 836 ad
426 773 618 858 Diogenem
642 773 817 839 Laertium
837 774 949 858 (Diog.
972 773 1053 840 Vita
1074 773 1166 838 Soor.
1187 772 1223 835 H
1244 767 1306 855 22)

131 886 168 944 et
195 880 396 945 Strabonem
436 879 502 960 (IX
535 904 568 967 p.
599 878 692 964 405),
728 881 787 965 qui
821 881 858 944 in
891 903 1007 967 pugna
1041 878 1130 965 apud
1163 880 1302 944 Delium

130 1009 162 1053 a.
184 987 251 1050 424
286 987 463 1052 commissa
497 986 777 1073 Xenophontem,
818 988 877 1072 qui
910 988 952 1052 de
990 1009 1074 1073 equo
1109 987 1301 1071 decidisset,

130 1093 281 1158 humeris
306 1100 480 1180 acceptum
504 1116 523 1159 a
547 1094 685 1176 Socrate
701 1093 881 1159 ¹seruatum
905 1117 977 1160 esse
1000 1101 1150 1159 narrant.
1209 1094 1302 1170 Quae

132 1201 164 1265 si
185 1223 266 1266 vera
290 1207 413 1285 essent,
429 1201 694 1285 Xenophontem
718 1208 797 1267 ante
821 1226 850 1267 a.
873 1203 941 1266 444
963 1207 1082 1266 natum
1106 1223 1179 1265 esse
1203 1222 1301 1286 opor·

135 1314 234 1391 teret,
259 1330 335 1372 oum
357 1307 587 1372 Athenienses
611 1309 791 1374 iuvenibus
807 1332 876 1374 non
897 1310 990 1395 prius
1007 1331 1108 1393 quam
1131 1310 1175 1372 20
1197 1330 1303 1373 11111

131 1416 208 1481 nati
231 1422 357 1500 essent,
393 1415 436 1479 ad
460 1422 600 1479 externa
626 1416 716 1481 bella
751 1416 900 1502 gerenda
933 1422 1110 1481 uterentur
1144 1412 1303 1499 (Gilbert,

133 1522 193 1587 Gr.
219 1522 443 1587 Staatsaltert.
468 1518 600 1606 1301).
650 1522 765 1608 Atque
793 1524 876 1588 haee
903 1522 971 1587 fuit
999 1523 1222 1609 plurimorum
1244 1521 1303 1585 ho-

132 1629 265 1694 minum
301 1628 476 1694 doctorum
512 1630 683 1694 sententia
712 1653 731 1694 1
758 1630 935 1716 Kruegero
972 1630 1118 1695 maxime
1154 1628 1302 1713 defensa,

134 1759 235 1822 quem
251 1744 384 1822 praeter
400 1728 483 1800 alios
500 1737 537 1802 O.
556 1738 597 1802 F.
611 1738 828 1802 Hermannus
842 1738 1001 1824 (Tempus
1014 1738 1175 1802 Convivii
1187 1738 1303 1800 Xeno·
1415 1746 1418 1750 ’

133 1843 276 1929 phontei
298 1866 330 1929 p.
349 1843 369 1906 6
388 1872 426 1892 τ-
444 1844 487 1908 Ν.
500 1843 619 1909 Jahrb.
647 1846 731 1909 1846
757 1847 866 1932 suppl.
890 1844 964 1908 XH
987 1839 1075 1927 329).
1110 1844 1304 1909 0111111111

136 1952 241 2031 (Fast.
266 1950 356 2014 Hell.
387 1949 430 2013 ad
453 1973 481 2014 1.
506 1948 597 2035 401),
632 1952 829 2016 Dindorfius
865 1951 900 2037 (l.
924 1952 970 2036 1.),
1007 1951 1176 2037 Sauppius
1209 1948 1244 2032 (1.
1268 1950 1304 2029 1.)

134 2057 243 2122 secuti
266 2062 346 2121 sunt
354 2051 388 2139 1).
436 2058 554 2142 Neque
576 2059 854 2145 defueruntsqui
878 2082 955 2125 oum
978 2082 1058 2124 vera
1073 2058 1207 2122 tradere
1222 2058 1305 2121 Dio-

132 2187 258 2250 genem
286 2171 321 2229 et
350 2164 550 2229 Strabonem
575 2173 765 2250 censerent,
802 2169 858 2232 vel
886 2167 1048 2231 maiorem
1074 2172 1158 2230 natu
1189 2166 1306 2228 Xeno-

133 2273 298 2359 phontem
334 2270 440 2335 fuisse
474 2277 648 2357 putarent,
683 2275 778 2339 velut
808 2274 988 2358 Matthiae,
1025 2273 1083 2357 qui
1113 2294 1200 2337 anno
1230 2272 1307 2355 447,

133 2379 385 2462 BeokhausiuS,
425 2379 484 2463 qui
507 2402 535 2444 a.
560 2381 640 2463 449,
676 2381 793 2445 Fertia
817 2380 982 2447 d'Urbain
1016 2387 1049 2443 et
1077 2378 1307 2462 Hutohinson,

137 2487 198 2571 qui
216 2484 412 2551 Fabricium
427 2485 516 2550 Bibl.
542 2487 600 2551 Gr.
623 2488 678 2551 ΙΠ
700 2490 717 2553 1
739 2490 847 2553 secuti
872 2489 987 2553 1450
1008 2509 1086 2552 eum
1101 2493 1219 2551 natum
1236 2507 1309 2549 esse

136 2593 203 2659 sibi
226 2599 475 2679 persuaserunt.
521 2592 612 2668 Quos
636 2618 839 2681 quamquam
862 2596 1004 2682 probare
1027 2617 1098 2660 non
1121 2615 1308 2680 possumus,

136 2701 273 2767 silentio
296 2707 412 2765 tamen
434 2702 719 2786 praetereundum
746 2727 816 2769 non
845 2709 912 2787 est,
949 2704 1107 2789 antiquos
1146 2699 1309 2784 quosdam

136 2807 376 2894 grammaticos
390 2808 457 2871 iam
469 2807 518 2872 ita
528 2809 697 2874 statuisse.
722 2811 764 2875 11
772 2811 954 2875 Macrobiis
966 2811 1067 2894 enim,
1080 2809 1139 2894 qui
1147 2807 1233 2872 liber
1245 2806 1310 2871 etsi
1358 2857 1361 2861 .

136 2916 289 2981 Lucieno
313 2914 514 2978 tribuendus
530 2937 600 2980 non
616 2924 681 3001 est,
706 2924 821 2983 tamen
844 2942 864 2983 a
888 2918 986 2983 dooto
1004 2916 1149 3003 quodam
1173 2914 1310 2978 homine

138 3023 285 3108 scriptus
301 3021 439 3086 videtur
447 3017 481 3105 2),
505 3024 772 3111 Xenophontem
788 3027 877 3090 ultra
899 3025 1160 3111 nonagesimum
1183 3043 1311 3085 annum

137 3129 247 3195 vitam
262 3128 460 3214 produxisse
476 3130 623 3215 legimus
640 3128 817 3217 (lLueian.]
845 3119 991 3198 Maerob.
1010 3131 1079 3214 21),
1104 3131 1218 3212 itaque
1235 3149 1311 3192 eum

141 3259 219 3301 eum
232 3236 322 3300 oiroa
333 3259 362 3300 a.
376 3237 442 3300 354
453 3243 624 3302 mortuum
636 3262 709 3304 esse
720 3277 761 3284 -—
773 3239 809 3304 id
821 3240 911 3324 quod
922 3237 1012 3304 infra
1024 3238 1089 3302 erit
1100 3235 1312 3322 probandum

249 3519 275 3586 1)
312 3517 421 3573 Eadem
456 3525 524 3574 ante
556 3522 739 3593 Kruegerum
773 3523 921 3578 Oorsinius
950 3521 1042 3590 (Fasti
1070 3518 1162 3573 Attici
1189 3518 1220 3572 11
1247 3519 1312 3583 279)

141 3607 289 3663 Weiskius
318 3606 372 3678 (ed.
401 3607 475 3662 Xen.
504 3610 546 3663 VI
575 3610 620 3680 93)
650 3615 867 3669 contenderunt.
913 3613 1097 3681 Kruegerum
1127 3606 1217 3660 secuti
1245 3611 1313 3659 sunt

140 3703 256 3771 praeter
274 3697 352 3753 viros
366 3714 454 3768 supra
466 3699 601 3754 laudatos
618 3702 793 3757 Letronnius
813 3704 830 3757 l.
844 3704 876 3772 1.,
896 3700 1067 3769 Delbrueek,
1079 3697 1245 3767 Xenophon
1258 3699 1310 3751 etc.

140 3809 167 3860 p.
187 3789 235 3857 50,
254 3787 354 3857 Engel,
375 3786 554 3858 Xenophons
573 3791 651 3861 polit.
672 3792 804 3863 Stellung
822 3811 850 3846 u.
864 3788 1073 3845 Wirksamkeit
1091 3806 1119 3857 p.
1139 3786 1171 3855 3,
1191 3784 1312 3853 Schoell,

142 3877 257 3932 Grieoh.
285 3875 388 3930 Litter.
416 3875 468 3930 int.
489 3878 585 3934 Germ.
614 3901 640 3952 p.
661 3882 725 3951 337,
762 3882 841 3952 Hug,
869 3877 1134 3945 1011111711638,
1172 3873 1313 3944 Koechly,

141 3967 230 4022 Acad.
254 3966 400 4034 Vortr'age
423 3965 437 4018 1
461 3968 526 4036 254,
555 3970 709 4041 Deventer,
739 3970 941 4042 Xenophontis
964 3968 1036 4022 liber
1062 3967 1096 4021 de
1121 3962 1313 4034 vectigalibus

142 4078 170 4130 p.
181 4058 230 4127 35,
249 4058 362 4126 Hagen,
381 4053 439 4106 Eos
457 4055 565 4128 11150,
585 4059 734 4117 01111111
753 4062 887 4128 (Η111111
899 4057 986 4113 XVII
999 4055 1075 4126 320),
1094 4056 1314 4123 Kruegerumne

143 4168 180 4204 an
199 4147 364 4202 Nitschium
383 4152 520 4213 sequatur
538 4168 596 4206 uon
616 4152 735 4224 aperuit.

250 4245 278 4316 2)
315 4248 360 4302 Ex
378 4240 555 4314 Apollodoro
579 4249 676 4296 autem
695 4239 858 4295 Macrobios
882 4257 940 4294 non
964 4236 1081 4290 fluxisse
1105 4230 1315 4287 demonstravit

144 4335 176 4390 1.
196 4337 299 4394 nolae
317 4338 392 4392 uus.
412 4337 468 4392 uh.
488 4334 619 4388 xxxvi
638 4353 664 4405 p.
685 4333 745 4386 541.
