2880 4852
603 247 822 312 -36-

128 427 295 494 utendum
330 449 403 493 esse
439 427 606 492 Ruehlius
634 426 763 513 primus
790 426 897 510 vidit,
935 426 994 511 qui
1023 426 1130 491 litem
1158 420 1302 511 quaeda

130 534 333 621 Cynegetici
367 540 478 599 aetate
513 534 604 599 inter
638 535 731 599 viros
766 533 882 599 doctos
918 540 983 619 000,
1019 533 1085 599 vix
1121 533 1195 599 0110
1217 530 1303 599 modo

130 641 246 706 dirimi
269 664 368 728 00000
392 641 489 725 dixit,
515 665 553 706 ac
569 641 812 727 Xenophontis
835 638 998 706 librorum
1019 640 1170 706 dicendi
1190 662 1302 727 genere

130 749 356 836 comparando
391 746 570 833 (Zeitschr.
600 748 623 813 f.
653 748 685 814 d.
710 749 856 815 Oesterr.
894 749 1020 833 Gymn.
1054 748 1201 813 XXXI
1226 744 1304 831 411.)

128 855 244 940 Atque
271 856 359 921 hanc
387 856 479 922 viam
507 856 682 941 ingressus
710 854 995 941 Dittenbergerus
1031 855 1204 936 (Hermes
1231 854 1305 921 Xlll

130 964 272 1048 30100.)
295 986 376 1028 0000
400 969 452 1028 000
475 963 641 1050 particula
663 953 737 1047 μήν,
762 969 801 1028 00
825 985 890 1048 000
914 962 1033 1027 ordine
1056 962 1227 1028 Platonis
1245 962 1306 1027 Xe·

128 1069 380 1156 nophontisque
403 1068 483 1135 libri
507 1069 687 1157 compositi
711 1077 833 1154 essent,
860 1070 1097 1136 constitueret.
1142 1069 1217 1149 Qui
1240 1090 1306 1135 cnm
1345 1154 1347 1161 Ι

128 1199 264 1263 perraro
279 1169 345 1261 μήν
359 1178 397 1242 10
413 1177 614 1262 antiquioris
629 1177 749 1242 aetatis
763 1177 965 1264 scriptorum
977 1176 1088 1262 libris,
1103 1178 1211 1243 velut
1225 1176 1306 1243 rhu·
1344 1166 1347 1247 1

129 1284 262 1369 cydidis
280 1291 314 1349 00
329 1284 565 1371 Antiphontis,
586 1285 665 1370 legi,
690 1284 728 1348 in
743 1283 1009 1349 Atheniensium
1034 1284 1231 1371 republica,
1257 1284 1306 1371 qui
1345 1308 1347 1317 ·

130 1391 390 1476 antiquissimus
406 1391 550 1457 habetur
566 1391 676 1456 Attici
692 1392 857 1457 sermonis
873 1391 1009 1457 libellus
1025 1390 1142 1457 soluta
1159 1392 1306 1457 oratione

131 1499 347 1585 compositus,
372 1500 428 1564 vel
444 1500 582 1564 omnino
599 1522 668 1564 non
684 1521 768 1584 esse,
784 1499 998 1584 frequentius
1014 1520 1098 1565 vero
1122 1498 1224 1585 apud
1237 1498 1305 1565 Pla·

129 1606 221 1670 tonis
246 1607 401 1691 aequales
425 1606 576 1691 Lysiam,
611 1607 806 1691 Isocratem,
841 1605 1111 1692 Xenophontem
1148 1606 1304 1691 inveniri,

128 1720 229 1797 atque
253 1713 361 1800 ipsius
385 1713 539 1778 Platonis
564 1713 715 1799 dialogos
738 1736 803 1778 usu
825 1713 1012 1799 particulae
1043 1713 1201 1779 multum
1223 1714 1305 1781 inter

131 1842 167 1884 00
183 1819 320 1885 differre
337 1820 645 1905 animadvertisset,
663 1843 745 1905 quos
762 1820 915 1907 dialogos
930 1820 1070 1906 priores,
1089 1842 1181 1905 qnos
1201 1826 1304 1909 poste·

126 1926 233 1991 riores
256 1927 315 1992 ille
339 1928 578 2013 composuerit,
602 1927 665 1992 hac
688 1927 820 1992 ratione
845 1928 1051 1992 constituere
1075 1934 1226 1995 conatus
1248 1938 1301 1995 cst.

129 2034 216 2098 000
240 2034 392 2098 enimin
415 2035 533 2100 multis
556 2035 710 2100 Platonis
735 2034 871 2121 scriptis
895 2028 952 2095 καὶ
974 2025 1039 2119 μήν
1062 2040 1099 2098 00
1123 2023 1216 2097 ἀλλὰ
1235 2027 1301 2120 μήν,

128 2163 303 2226 nunquam
338 2148 451 2206 autem
479 2136 514 2222 γὲ
540 2132 618 2227 μήν,
648 2135 699 2215 τίς
728 2133 806 2226 μήν,
836 2130 1018 2222 (11λά010)
1041 2132 1109 2227 μήν
1133 2142 1301 2230 legantur,

130 2270 215 2332 quae
230 2249 267 2313 in
283 2249 360 2313 aliis
376 2249 448 2314 eius
464 2249 561 2314 libris
585 2248 641 2313 hic
665 2249 746 2334 11110,
771 2249 809 2313 10
824 2249 999 2313 nonnullis
1015 2248 1073 2313 vel
1089 2248 1301 2335 frequentius

129 2354 361 2440 inveniuntur,
386 2356 445 2420 illa
469 2356 594 2442 scripta
616 2355 732 2442 priori,
757 2355 839 2420 haec
862 2355 1042 2441 posteriori
1065 2357 1175 2421 aetati
1198 2357 1301 2423 tribu-

131 2462 218 2526 enda
239 2485 312 2527 esse
329 2464 469 2528 censuit.
499 2464 618 2548 Neque
634 2464 727 2527 enim
742 2469 781 2527 00
798 2463 861 2528 hoc
876 2468 1077 2548 argumento
1092 2462 1138 2528 ad
1155 2463 1303 2551 dialogos

130 2569 268 2633 Platoni
291 2576 350 2634 000
372 2570 596 2635 vindicandos
620 2577 679 2635 000
703 2570 895 2656 eripiendos
919 2576 1064 2654 utamur,
1090 2569 1169 2635 fieri
1183 2577 1302 2658 potest,
1345 2590 1347 2595 ·

133 2698 209 2741 cum
219 2676 257 2741 in
268 2682 411 2762 utraque
422 2684 518 2764 parte
534 2677 615 2743 libri
630 2678 709 2763 sint,
730 2701 811 2763 quos
830 2701 930 2743 nemo
948 2677 989 2743 ab
1006 2699 1045 2742 00
1062 2676 1303 2745 abiudicandos

132 2805 205 2848 esse
221 2784 383 2869 censebit,
395 2807 506 2870 neque
521 2791 561 2849 ut
576 2791 646 2850 tam
662 2785 836 2850 diversum
853 2785 1025 2851 scribendi
1036 2806 1147 2869 genus
1160 2784 1304 2872 dialogis

130 2891 206 2977 plus
252 2891 365 2956 minus
411 2892 551 2978 agitatis
597 2893 800 2978 tribuamus,
842 2916 919 2958 curn
964 2893 1002 2957 in
1045 2898 1193 2978 utraque
1241 2895 1306 2960 sint

130 2998 361 3084 agitatissimi.
403 2998 517 3084 Atque
541 2999 829 3087 Dittenbergerus
853 3001 930 3065 illos
950 3000 1055 3066 libros
1079 3006 1160 3065 ante
1184 3024 1216 3068 a.
1234 3003 1305 3085 388,

131 3127 232 3190 quem
248 3105 383 3170 circiter
398 3129 525 3170 annum
540 3107 640 3172 Plato
656 3107 693 3171 in
709 3107 863 3173 Siciliam
885 3108 1033 3194 primum
1052 3105 1231 3193 profectus
1248 3116 1304 3193 est,

132 3212 193 3278 hos
226 3218 345 3298 000000
374 3213 517 3298 scriptos
546 3237 619 3278 esse
649 3214 798 3300 putavit;
835 3236 900 3299 qua
929 3213 970 3278 de
993 3236 1030 3278 re
1054 3234 1117 3298 ego
1141 3214 1307 3281 iudicium

131 3318 220 3383 ferre
243 3342 313 3384 non
336 3342 436 3384 ausus
458 3319 501 3384 ad
516 3322 783 3407 Xenophontem
798 3321 910 3386 redeo.
942 3320 1044 3407 Apud
1061 3342 1163 3405 quem
1180 3323 1307 3388 similia

68 3448 71 3456 ·
130 3426 189 3490 ille
213 3431 313 3511 00000
330 3426 434 3491 etiam
457 3428 567 3512 magis
591 3427 773 3513 conspicua
796 3450 896 3512 quam
920 3427 1010 3513 apud
1032 3427 1216 3495 Platonem
1238 3431 1307 3495 ani·

131 3533 330 3615 madvertit;
366 3556 446 3598 nam
476 3534 513 3598 in
541 3535 613 3598 eius
642 3535 778 3620 scriptis
802 3541 961 3620 quattuor
983 3540 1111 3599 aetates
1136 3535 1308 3623 distingui

132 3661 232 3726 posse
266 3640 363 3705 dixit.
416 3640 458 3706 In
486 3641 696 3727 Cynegetico
725 3642 817 3706 enim
849 3648 884 3705 00
912 3641 1022 3727 prima
1049 3642 1307 3711 Hellenicorum

131 3753 227 3832 parte
236 3742 262 3830 1)
275 3747 424 3812 omnino
446 3738 511 3831 μήν
534 3770 603 3812 000
626 3749 762 3833 legitur,
787 3749 836 3812 ita
858 3755 897 3813 ut
920 3748 958 3812 hi
980 3748 1060 3813 libri
1083 3749 1216 3836 optime
1233 3775 1306 3817 cum

131 3852 304 3940 republica
343 3854 607 3919 Atheniensium
653 3861 900 3941 comparentur;
953 3855 1077 3921 deinde
1119 3845 1207 3919 ἀλλὰ
1244 3851 1307 3945 μήν

132 3960 269 4045 quidem
302 3967 336 4025 et
362 3955 419 4022 καὶ
447 3952 524 4045 μήν,
561 3962 621 4026 sed
648 3985 822 4046 nunquam
850 3957 885 4042 γὲ
912 3954 977 4048 μήν
1009 3963 1048 4028 10
1080 3964 1306 4033 Oeconomico

132 4066 365 4151 inveniuntur,
384 4069 441 4153 qui
458 4091 546 4133 unus
563 4088 604 4134 ex
620 4069 861 4156 Xenophontis
878 4071 1014 4158 scriptis
1030 4072 1186 4139 Platonis
1202 4075 1306 4162 priori

240 4224 266 4296 1)
302 4224 519 4280 Hellenicorum
552 4227 676 4298 primam
707 4233 819 4299 partem
851 4228 960 4298 priores
993 4229 1066 4283 duos
1083 4229 1189 4286 -libros
1216 4250 1306 4305 nsque

134 4314 263 4384 01113,
284 4317 326 4385 10,
355 4315 476 4371 alteram
505 4333 561 4385 000,
590 4316 639 4386 001
667 4323 834 4388 sequuntur,
863 4317 1008 4388 usquead
1027 4319 1054 4373 V
1074 4320 1098 4389 1,
1117 4320 1162 4390 36,
1189 4320 1306 4377 tertiam

132 4402 258 4474 reliquos
282 4403 370 4459 libros
396 4404 558 4476 complecti,
581 4405 658 4460 infra
677 4406 948 4462 demonstrabimus.
