2880 4852
537 206 755 276 -93-

54 379 252 473 (πρόσοδοι)
287 389 519 477 intellegenda
553 397 647 475 sunt,
683 413 767 475 quae
795 414 877 476 pace
907 389 1093 456 constituta
1116 389 1232 455 statim

55 497 177 582 angeri
200 497 381 584 incipiunt,
405 497 462 562 hic
481 497 610 569 tributa
626 497 752 563 civium
777 489 965 582 (εἰσφοραιλ,
990 520 1072 582 quos
1089 496 1232 583 scriptor

56 603 139 670 belli
162 605 323 670 oneribus
347 603 389 669 ad
411 611 646 692 paupertatem
661 604 815 670 redactos
832 604 925 670 dicit.
950 605 1036 669 Tum
1053 604 1232 691 Hagenius

56 733 178 798 pacem
214 713 248 779 V
271 713 312 777 12
351 718 648 778 commemoratam·
689 713 757 776 iam
807 712 1019 796 aliquantum
1069 713 1232 798 temporis

58 817 199 884 durasse
223 818 415 903 existimat,'
446 842 520 884 eam
544 842 629 904 quae
652 819 703 884 IV
725 819 770 884 40
805 818 939 902 dicitur,
976 818 1075 884 modo
1111 819 1233 884 initam

58 947 141 1010 esse,
168 948 246 990 cum
268 924 404 991 libellus
428 932 694 1013 componeretur.
728 925 795 991 Sed
813 926 994 1011 quominus
1010 925 1097 991 hane
1113 949 1231 1012 pacem

10 1108 12 1115 Ι
58 1055 213 1097 mensem
236 1032 307 1097 fere
331 1033 469 1098 durasse
498 1040 656 1119 putemus
692 1032 782 1098 nihil
816 1032 937 1098 obstat.
983 1033 1139 1118 Denique
1174 1034 1232 1098 ille

10 1134 13 1145 '
57 1139 289 1204 Athenienses
317 1140 407 1206 bello
437 1141 554 1204 sociali
577 1139 733 1207 omnibns
758 1141 857 1205 sociis
881 1141 1032 1227 privatos
1056 1163 1130 1204 esse
1154 1163 1233 1206 con·

57 1246 181 1331 tendit,
206 1270 226 1311 a
247 1246 356 1312 libelli
379 1248 542 1333 scriptore
567 1239 684 1320 πόλεις
700 1236 868 1332 ὑπηκόους
892 1248 1147 1312 commemorari
1162 1247 1180 1312 I
1198 1250 1231 1332 13

56 1353 214 1420 sednon
241 1354 310 1419 nisi
345 1377 420 1420 eum
450 1355 545 1420 Chiis
573 1354 733 1439 Rhodiis,
769 1354 987 1440 Byzantinis,
1025 1354 1103 1419 Cois
1139 1355 1233 1420 illam

55 1483 177 1548 pacem
200 1459 431 1527 Athenienses
455 1462 610 1527 fecerunt
634 1463 751 1543 (Grote
774 1462 829 1528 XI
852 1462 930 1540 325)
959 1467 993 1526 et
1016 1460 1058 1526 ab
1082 1461 1233 1527 Isocrate

52 1568 308 1655 Areopagitica
332 1570 482 1635 oratione
506 1593 534 1635 a.
560 1567 663 1653 355s4
685 1568 801 1634 habita
824 1569 949 1634 multos
966 1569 1073 1634 socios
1090 1592 1233 1634 comme-

52 1684 211 1741 moratos
247 1699 319 1741 esse
356 1678 387 1758 (ξ
418 1679 446 1742 1.
474 1678 524 1742 16.
557 1677 621 1741 134
649 1676 707 1742 cfr.
732 1675 907 1741 Demosth.
937 1676 979 1741 de
1008 1699 1129 1743 corona
1157 1677 1233 1756 234)

48 1790 151 1849 recte
175 1783 394 1870 Gleinigerus
422 1808 454 1870 p.
487 1785 527 1848 19
555 1785 697 1850 monuit.
744 1784 864 1869 Itaque
899 1782 1052 1869 Hagenii
1085 1784 1233 1849 rationes

50 1890 98 1956 ad
122 1891 334 1956 sententiam
367 1877 438 1955 eiu's
467 1890 677 1978 probandam
705 1913 776 1956 non
804 1891 887 1955 satis
917 1891 1034 1955 valent
1058 1898 1092 1955 et
1115 1890 1233 1956 eadem

49 2021 123 2084 pax
160 2003 195 2061 et
228 1998 278 2064 IV
300 1999 345 2063 40
380 2005 415 2062 et
448 1999 480 2064 V
506 1999 546 2063 12
581 1997 813 2084 intellegenda
849 2004 909 2062 est.
956 1997 1072 2083 Atque
1107 1998 1235 2084 optime

53 2105 281 2190 Gleinigerus
304 2128 337 2191 p.
363 2105 382 2168 7
407 2105 503 2169 dixit.
555 2105 659 2190 „Quis
682 2105 822 2169 tandem
851 2104 882 2169 si
905 2128 933 2169 a.
959 2105 1024 2169 346
1047 2105 1151 2171 verba
1175 2128 1232 2170 au·
1313 2166 1315 2170 ,

53 2211 168 2276 disset
189 2211 273 2276 haec
297 2234 324 2276 c.
348 2212 381 2276 V
406 2213 461 2276 12:
485 2205 541 2272 act
563 2206 597 2271 ἐν
616 2211 664 2293 τῷ
680 2211 733 2272 νῦν
747 2203 850 2295 χρόνῳ
868 2203 924 2271 dui
939 2206 999 2290 μὲν
1014 2204 1071 2271 τόν
1087 2203 1235 2290 πόλεμον

54 2312 113 2378 καὶ
139 2317 205 2378 τῶν
227 2310 403 2403 προσόδιον
426 2311 555 2392 πολλός
578 2311 931 2404 καταδαπανηὶλείσας,
967 2317 1009 2382 de
1048 2319 1138 2384 bello
1178 2342 1230 2384 so·

57 2424 142 2490 ciali
163 2447 288 2491 novem
313 2433 391 2491 ante
415 2449 521 2491 annos
546 2426 699 2491 confecto
724 2426 927 2512 cogitasset?
973 2426 1011 2491 Si
1037 2425 1127 2491 bello
1158 2449 1235 2492 cum

56 2532 221 2619 Philippo
244 2538 342 2617 gesto
365 2526 494 2597 reditus
518 2534 619 2598 multi
642 2533 855 2616 deficiebant,
879 2555 979 2598 nemo
1001 2533 1071 2598 nisi
1092 2534 1232 2599 insanus

56 2646 198 2726 propter
231 2662 349 2725 pacem
384 2662 461 2704 cum
496 2641 598 2706 sociis
632 2639 757 2705 factam
795 2640 925 2705 reditus
964 2641 1082 2726 augeri
1121 2641 1232 2706 dicere

58 2740 222 2832 poterat.“

167 2853 290 2919 Restat
324 2853 445 2939 igitur,
480 2861 519 2919 ut
547 2855 589 2920 de
617 2855 690 2920 loco
721 2856 796 2920 Va
827 2854 977 2919 breviter
1011 2853 1233 2941 disputemus,

61 2982 126 3045 quo
157 2960 302 3047 scriptor
324 2961 517 3027 Phocenses
546 2963 717 3027 oraculum
744 2961 950 3048 Delphicum
985 2962 1163 3047 reliquisse
1199 2970 1234 3028 et

61 3068 144 3132 alios
179 3067 343 3153 quosdam
377 3070 498 3156 templi
533 3062 741 3153 προστασίαν
775 3068 841 3134 sibi
879 3068 1055 3134 vindicare
1094 3075 1231 3135 conatos

63 3197 134 3239 esse
160 3169 289 3255 dicit1).
336 3175 435 3252 Quod
458 3183 638 3262 postquam
672 3177 725 3240 illi
759 3199 787 3240 a.
824 3176 889 3240 355
923 3175 1112 3241 Philomelo
1148 3177 1233 3242 duce

61 3288 319 3368 occupaverunt,
342 3304 411 3346 non
434 3283 528 3369 prius
553 3306 653 3368 quam
677 3306 705 3347 a.
730 3283 795 3347 346
818 3283 1042 3368 reliquerunt;
1067 3284 1182 3369 itaque
1203 3283 1234 3348 si

59 3387 159 3453 huius
192 3389 245 3453 rei
264 3383 315 3452 ¹in
350 3391 510 3475 opusculo
543 3390 672 3455 mentio
701 3389 756 3474 fit,
792 3396 883 3454 certe
911 3412 981 3455 non
1010 3397 1088 3455 ante
1112 3413 1140 3455 a.
1166 3391 1231 3454 346

60 3495 285 3583 compositum
301 3501 336 3560 et
351 3497 613 3582 aXenophonte
630 3497 778 3561 alienum
796 3503 857 3561 est.
895 3497 992 3574 Quod
1005 3520 1081 3561 cum
1095 3504 1234 3584 propter

60 3603 210 3669 rationes
235 3588 337 3689 supra
363 3603 532 3690 expositas
555 3603 729 3690 probabile
756 3626 826 3669 non
854 3604 913 3688 sit,
948 3603 1017 3669 viri
1049 3590 1141 3670 docti
1173 3605 1234 3670 alii

58 3711 125 3776 alio
161 3709 262 3775 modo
297 3710 378 3775 huic
412 3711 485 3775 loco
522 3711 763 3777 subvenerunt.
822 3711 971 3777 Cobetus
1007 3713 1098 3777 enirn
1133 3713 1232 3793 (Nov.

56 3817 153 3882 Lect.
180 3818 244 3881 759
269 3813 357 3902 sqq.)
381 3819 553 3883 oraculum
569 3842 588 3887 a
604 3818 837 3883 Phocensibus
860 3818 914 3883 bis
938 3827 1139 3906 occupatum
1160 3842 1233 3884 esse

171 4009 198 4081 l)
235 4015 271 4064 Et
290 4010 320 4063 ιλὲ
342 4014 388 4062 καὶ
408 4003 483 4069 ὅπως
500 4003 530 4063 τὸ
551 4012 580 4063 ἰν
592 4014 714 4081 Δελφοῖς
735 4003 809 4082 ἱερὸν
822 4005 979 4084 αὐτόνομον
997 4005 1089 4083 ὥσπερ
1108 4005 1233 4082 πρόσθεν

53 4106 174 4173 γένοιτο,
189 4105 307 4170 φανεροὶ
321 4104 389 4166 εἴητε
404 4094 626 4172 ἐπιμελούμενοι,
639 4092 678 4172 μὴ
693 4100 942 4172 σομπολεμοῦντες,
958 4095 1026 4153 ἀλλὰ
1038 4095 1233 4173 πρεσβεύοντες

54 4184 110 4243 dvc}
129 4183 178 4256 τὴν
196 4182 321 4254 ‘nuclea
342 4181 395 4260 ἐγὼ
414 4191 467 4261 μὲν
487 4183 569 4242 οὐδὲν
589 4181 623 4241 (ἲν
636 4189 717 4261 οἶμαι
730 4183 896 4261 θαυμαστὸν
915 4190 994 4255 εἶναι,
1019 4196 1044 4244 εἰ
1062 4194 1109 4242 καὶ
1128 4184 1233 4250 πάντας

51 4273 119 4338 τοὺς
134 4271 264 4344 Ἕλληνας
283 4271 485 4350 όμογνώμονός
502 4298 530 4332 τε
554 4282 601 4330 καλ
625 4272 774 4350 σσνόρκοος
795 4273 901 4346 λάβοιτε
925 4279 967 4331 ἐπ’
988 4281 1113 4344 ἐκείνους,
1134 4282 1232 4339 οἵτινες

54 4362 228 4423 ἐκλιπόντων
247 4372 367 4419 Φωκέων
386 4361 416 4419 τὸ
437 4361 512 4438 ἱερὸν
530 4363 753 4440 καταλαμβάνειν
772 4368 927 4439 ἐπειρῶντο.
