2880 4852
611 236 830 303 ...49.κ

135 403 272 499 ὀρθούς,
297 408 441 502 πλευρὰς
456 408 501 501 μὴ
518 408 648 477 ἐπίπαν
670 407 822 496 βαθείας,
847 404 918 475 αλλ’
940 406 987 488 εἷς
1009 405 1047 476 cd
1071 404 1215 497 rcdc'ytor
1237 407 1306 476 πα·

133 514 310 608 ρηκαίσας,
346 513 449 608 ὀσφῦς
477 515 665 607 σαρκώδεις,
701 515 742 583 τὰ
773 515 898 607 μεγέθη
933 514 1052 601 μεταξίι
1082 521 1216 605 μακρῶν
1249 516 1307 584 καί
1407 592 1409 596 ,

129 624 290 713 βραχίων,
306 622 390 716 μήτε
405 619 505 714 ὑγρᾶς
520 623 602 706 λίαν,
619 622 702 714 μήτε
714 620 856 714 σκληρός
872 634 936 696 etc.
950 635 1013 694 eto.
1037 630 1093 694 En
1109 629 1308 715 scriptorem

131 737 344 822 elegantem!
390 739 478 803 Nam
513 736 691 803 dimidiam
724 735 824 802 modo
862 743 994 822 partem
1026 736 1127 802 huius
1165 736 1309 802 monstri

130 844 266 929 legisti,
304 868 380 910 cum
413 844 518 910 totius
554 843 770 910 describendi
803 864 858 907 me
892 842 1054 938 taederet.
1100 842 1200 909 Adde
1236 844 1309 909 cb
1426 844 1427 848 ’

132 952 322 1016 sectionem
357 952 414 1037 30,
451 974 516 1037 qua
550 950 699 1016 sedecim
733 949 962 1034 substantiva,
998 949 1121 1036 quibus
1160 950 1286 1037 plurim

135 1058 309 1124 adiectiva
344 1058 460 1124 addita
494 1066 588 1142 sunt,
624 1057 666 1123 de
689 1080 758 1123 uno
780 1056 884 1123 verbo
909 1048 972 1134 ἕλκει
999 1048 1059 1139 γαρ
1074 1107 1081 1122 .
1094 1105 1122 1122 ..
1147 1056 1309 1144 pendent,

136 1165 261 1250 quibus
297 1165 423 1230 similia
455 1166 618 1252 leguntur
640 1165 691 1230 IV
714 1166 744 1229 3.
770 1165 934 1248 63V16.
992 1162 1088 1229 Talia
1114 1186 1196 1230 vero
1221 1163 1311 1250 quod

135 1272 173 1336 in
197 1273 291 1337 nullo
314 1273 380 1338 alio
403 1272 645 1359 Xenophontis
667 1272 756 1337 libro
781 1271 1018 1354 inveniuntur,
1043 1293 1113 1336 non
1136 1293 1175 1336 ea
1197 1276 1311 1357 potest

137 1401 240 1444 causa
255 1378 382 1456 haberi,
406 1379 496 1465 quod
519 1380 556 1444 in
571 1380 665 1444 nullo
688 1379 755 1445 alio
779 1378 909 1445 occasio
933 1378 1019 1442 tales
1040 1377 1310 1448 enumerationes

136 1486 314 1552 inserendi
336 1486 448 1552 oblata
471 1494 536 1571 est;
573 1486 700 1574 optime
735 1487 828 1551 enim
861 1485 996 1551 libellus
1025 1483 1067 1549 de
1101 1507 1138 1549 re
1163 1483 1312 1571 equestri

137 1617 216 1658 cum
239 1600 357 1659 nostro
381 1600 605 1682 comparatum
636 1593 696 1658 sed
719 1593 891 1679 sapienter
918 1592 956 1656 in
980 1613 1065 1677 equo
1089 1591 1310 1658 describendo

136 1723 195 1766 eas
220 1701 491 1766 enumerationes
516 1701 659 1766 evitavit
683 1701 722 1781 (c.
739 1701 766 1765 Ι.
783 1696 842 1783 Π).
890 1698 1005 1785 Atque
1035 1698 1074 1763 in
1102 1698 1312 1785 Cynegetico

134 1808 222 1873 talia
258 1830 296 1872 eo
330 1808 440 1892 magis
464 1808 604 1872 moleste
627 1806 799 1891 feruntur,
835 1805 925 1892 quod
960 1828 1021 1893 per
1054 1811 1165 1871 totum
1186 1806 1312 1872 librum

132 1914 351 1980 brevissimis
375 1914 556 1979 sententiis
580 1914 776 2000 Xenophon
800 1914 918 1996 utitur,
945 1913 1135 1978 coniunctis
1163 1913 1254 1978 inter
1277 1936 1313 1978 se

132 2021 318 2110 particulis
357 2029 415 2087 aut
450 2018 486 2082 δέ
519 2029 578 2087 aut
612 2012 671 2104 γάρ
707 2013 766 2086 aut
801 2002 865 2081 οὖν.
912 2020 1006 2105 Lege
1034 2020 1181 2107 exempli
1203 2019 1313 2105 gratia

131 2129 227 2194 VHI
241 2130 273 2193 l:
289 2118 483 2205 Ἰχνείεσθαι
502 2122 536 2188 δὲ
554 2119 629 2202 τοὺς
651 2119 768 2209 λαγώς,
796 2116 874 2188 ὅταν
890 2120 969 2212 νίφη
986 2116 1003 2188 ὁ
1020 2119 1110 2205 θεός,
1128 2116 1211 2189 ricae
1227 2117 1312 2212 ἠφα-

133 2227 258 2295 νίσθαι
287 2227 346 2320 τὴν
373 2235 440 2320 γῆν·
470 2227 499 2296 εἰ
527 2228 563 2295 δὲ
591 2227 718 2294 ἐνέσται
745 2225 944 2315 μελαγχιμα,
984 2225 1182 2319 δἐσζήτητας
1209 2225 1311 2295 ἔσται.

132 2333 211 2402 ἔστι
236 2336 280 2418 δέ,
307 2332 385 2402 ὅταν
412 2336 471 2420 μὲν
498 2333 638 2426 ἑπινίιμῃ
666 2335 723 2401 καὶ
748 2323 768 2426 ᾗ
791 2333 929 2424 βόρειον,
953 2332 994 2401 τὰ
1023 2332 1094 2425 ἴχνη
1123 2333 1184 2415 ἔξω
1208 2333 1315 2402 πολὺν

130 2440 254 2532 χρόνον
269 2445 361 2534 δῆλα·
377 2439 413 2510 αὖ
431 2441 490 2533 γὰρ
506 2441 584 2525 ταχὺ
602 2440 801 2533 συνιήκειαι.
831 2439 887 2508 ἐὰν
899 2442 934 2507 δὲ
947 2439 1055 2508 νότιόν
1067 2467 1101 2508 τε
1114 2429 1134 2532 ᾗ
1146 2442 1203 2508 καὶ
1219 2437 1312 2533 ἥλιος

133 2546 332 2640 ἐπιλάμπῃ,
358 2545 475 2637 ὀλίγον·
489 2547 610 2640 χρόνον·
636 2546 714 2631 ιαχι)
739 2546 799 2639 γὰρ
816 2551 988 2631 διαχεῖται.
1027 2542 1105 2615 ὅταν
1121 2549 1157 2616 δὲ·
1173 2547 1313 2640 ἑπινίφῃ

133 2661 292 2739 συνεχῶς,
318 2652 410 2724 οὐδὲν
434 2659 496 2723 δεῖ·
522 2653 744 2722 ἐπικαλύπτει
768 2653 842 2745 μα’ρ·
868 2650 994 2722 οὐδἐαν
1016 2661 1146 2741 πνεῦμα
1171 2644 1193 2747 ᾗ
1214 2655 1312 2743 μέγα·

134 2769 328 2854 σαμφαροῦν
344 2761 405 2853 γὰρ
421 2761 479 2852 τὴν
493 2760 590 2846 χιόνα
603 2758 766 2853 ἀφανίζει.
790 2759 887 2842 κείνας
902 2763 961 2848 μὲν
982 2751 1038 2829 οὖν
1054 2776 1116 2835 etc.
1135 2802 1176 2814 -·
1194 2770 1315 2854 Itaque

135 2899 226 2962 quae
242 2877 408 2941 Linckius
425 2875 615 2963 disputavit
638 2873 769 2960 (Herm.
785 2875 891 2941 XVII
907 2876 973 2941 320
989 2875 1062 2961 sq.)‚
1087 2876 1146 2963 qui
1161 2875 1311 2962 primurn

138 2990 174 3048 et
199 2984 319 3048 ultima
342 2983 408 3048 duo
433 2983 544 3068 capita
566 2982 688 3048 tironis
712 3005 796 3068 opus
820 3006 839 3048 a
862 2966 970 3047 sciolo
988 2982 1173 3048 semidocto
1194 2982 1312 3048 Xeno·

136 3091 281 3178 phontis
304 3091 390 3156 libro
414 3089 568 3155 additum
592 3112 665 3154 esse
689 3089 787 3175 dicit,
815 3090 957 3176 probare
980 3113 1050 3155 non
1073 3112 1225 3178 possum,
1254 3088 1315 3154 sed

138 3196 182 3263 ab
215 3198 292 3283 ipso
319 3197 550 3284 Xenophonte
580 3197 692 3262 tirone
726 3196 908 3263 admodum
943 3204 1052 3262 totum
1086 3197 1240 3263 libellum
1273 3195 1316 3262 de

137 3304 324 3371 venatione
359 3305 583 3390 compositum
617 3327 703 3388 esse,
740 3305 845 3370 etiam
879 3305 910 3369 si
943 3303 1057 3369 omnia
1090 3303 1157 3369 alia
1185 3303 1314 3369 indicia

138 3412 309 3496 deessent,
334 3413 403 3477 solo
420 3411 557 3477 dicendi
572 3434 698 3497 genere
715 3419 901 3477 commotus
918 3410 1131 3477 affirmarem.
1155 3411 1205 3477 At
1221 3417 1312 3476 certe

138 3521 261 3584 insunt
296 3519 333 3583 in
366 3519 468 3603 libre,
502 3519 625 3604 quibus
659 3519 743 3583 haec
778 3519 949 3584 sententia
977 3518 1221 3605 comprobetur.
1267 3519 1315 3583 Et

140 3648 231 3712 quae
262 3626 410 3692 Cobetus
434 3625 573 3711 quidem
608 3625 799 3713 disputavit
822 3627 921 3706 (Nor.
945 3625 1040 3690 Lect.
1066 3647 1097 3712 p.
1123 3626 1189 3690 774
1212 3625 1317 3711 seqq.)

138 3733 199 3819 qui
224 3739 335 3797 totum
358 3732 483 3798 librum
507 3731 675 3798 fervorem
693 3732 862 3818 quendam
877 3733 1038 3798 iuvenilis
1055 3732 1162 3798 animi
1177 3732 1317 3811 θυμοει-

138 3837 222 3913 δοῦς
245 3859 280 3900 τε
303 3833 358 3899 καί
383 3833 540 3923 ἐρωτικοῦ
569 3841 697 3927 spirare
726 3840 810 3906 dicit
845 3847 879 3906 et
912 3839 951 3904 in
984 3840 1027 3904 iis
1063 3862 1148 3925 quae
1171 3846 1261 3905 amet
1284 3845 1320 3904 et

137 3946 339 4031 admiretur,
363 3945 501 4012 modum
517 3947 650 4013 nullum
666 3948 844 4032 servantis,
869 3970 909 4012 ea
930 3969 1133 4034 quamquam
1147 3970 1229 4013 vera
1244 3969 1318 4011 esse

137 4053 315 4136 existimo,
340 4059 456 4118 tamen
478 4053 532 4117 his
556 4054 768 4140 argumentis
803 4076 918 4140 nemo,
955 4054 1014 4139 qui
1048 4055 1148 4120 aliter
1181 4053 1317 4136 sentiat,

135 4160 330 4227 refutatum
369 4183 405 4226 se
441 4183 514 4226 esse
538 4161 768 4245 confitebitur,
804 4162 919 4247 itaque
954 4162 1114 4247 graviora
1147 4159 1320 4226 afferenda

138 4273 236 4334 sunt.
282 4267 436 4354 Apparet
460 4267 551 4333 enim
574 4268 840 4355 Xenophontem
865 4292 941 4334 cum
965 4268 1118 4334 libellum
1142 4290 1320 4356 compone·

138 4386 211 4458 ret,
248 4375 400 4439 Atticam
428 4377 534 4439 solam
563 4377 734 4461 cognitam
757 4376 915 4441 habuisse
939 4398 1049 4461 neque
1073 4375 1139 4440 alia
1163 4377 1322 4441 animalia

1107 4480 1126 4533 4
