2880 4852
541 80 759 148 ..37-

10 260 32 321 rt?
83 260 131 327 ille
144 261 213 328 sive
228 269 443 328 accusaretur
458 262 531 327 sive
547 260 799 344 defenderetur,
817 261 854 325 in
869 261 993 346 vulgus
1010 259 1095 325 editi
1111 267 1235 346 essent,

11 367 37 428 tir
84 369 260 456 composita,
285 369 614 453 Oeoonomioumque
629 374 769 456 propter
782 368 864 454 Oyri
881 367 1022 433 minoris
1039 367 1236 433 memoriam

10 493 37 532 ³2·
85 473 191 541 1111111
225 476 289 559 <IV
318 472 1056 562 1111111401113911111111111
1091 480 1236 562 oportet3

10 706 36 766 25
89 689 247 775 quisquam
270 688 450 755 dubitaret.
483 689 605 774 Itaque
621 689 664 754 ad
680 694 881 775 argumenta
904 710 1085 773 exgenere
1101 687 1238 769 dioendi

25 788 39 850 Γ
90 793 170 862 dueta
201 795 444 862 recurrendum
479 803 541 862 est.
598 796 714 881 Atque
749 795 1072 881 Oeoonomioum‚
1107 796 1237 881 inquo

91 900 263 991 Xenophon
284 904 394 990 primo
419 903 478 969 sed
501 926 638 992 perraro
661 903 827 990 particula
849 893 924 988 μήν,
948 925 1102 988 nunqum
1125 910 1239 969 autem

22 1000 42 1043 Τ
93 1002 117 1088 γὲ
124 1002 180 1096 μήν
192 1011 312 1096 utitur,
337 1011 551 1096 aliquantum
566 1011 730 1098 temporis
743 1017 821 1097 post
836 1009 1092 1076 Hellenioorum
1107 1016 1239 1096 partem

31 1104 43 1148 ‘'i''
94 1117 225 1203 primam,
249 1117 310 1183 sed
333 1126 412 1184 ante
428 1118 663 1184 Memorabilia
680 1117 953 1203 Conuiuiumque
978 1118 1143 1205 seriptum
1166 1140 1239 1183 esse

92 1219 352 1312 Dittenbergerus
376 1225 637 1308 demonstravit3
663 1247 765 1310 quare
788 1223 1069 1310 Xenophontem,
1103 1247 1179 1289 oum
1202 1225 1240 1288 in

21 1770 36 1777 ’“
89 1778 110 1843 p.
127 1758 192 1844 21).
240 1759 360 1826 Artius
384 1766 497 1826 autem
520 1760 601 1826 libri
624 1767 770 1826 aetatem
795 1761 1026 1826 oiroumsoribi
1049 1783 1119 1826 non
1142 1782 1241 1848 posse

26 1858 34 1889 ³
90 1866 244 1952 existimo,
280 1890 360 1933 nam
384 1867 473 1953 quod
495 1868 669 1933 nonnullis
693 1869 787 1934 velut
811 1868 978 1934 Croisetio
1002 1869 1144 1955 placuit,
1182 1867 1241 1953 qui

10 1964 32 2025 ’ΞΡ
87 1981 259 2062 propterea,
276 1973 366 2060 quod
381 1974 577 2062 Xenophon
592 1976 668 2061 agri
685 1976 818 2041 oolendi
833 1976 982 2062 peritum
1003 1998 1038 2040 se
1054 1974 1240 2062 praeberet,

17 2094 29 2132 ’1
86 2077 192 2147 hbrum
216 2082 346 2167 aliquot
362 2083 461 2147 annis
476 2088 657 2169 postquam
673 2083 875 2148 Scilluntem
890 2083 1052 2167 venisset,
1078 2083 1242 2169 seriptum

18 2201 28 2217 ³
87 2194 383 2275 deputaverunt,
407 2189 445 2254 id
466 2189 603 2275 probari
626 2212 696 2254 non
718 2196 840 2276 potest,
866 2213 942 2254 oum
957 2189 1150 2254 Athenione
1173 2189 1242 2253 iem

10 2308 25 2347 ἔ
86 2300 252 2381 autequam
266 2294 310 2362 ad
327 2296 455 2382 Cyrum
469 2297 748 2382 proficisceretur,
764 2298 894 2384 peritus
909 2296 1022 2382 fuerit,
1040 2297 1240 2362 nesciamus.

423 2471 445 2561 ᾗ
470 2473 514 2542 18.
561 2474 603 2543 ne
629 2474 891 2543 memorabilibus.

160 2599 395 2665 Memorabilia
411 2599 536 2665 deinde
548 2599 592 2664 ad
603 2601 794 2686 Polyoratis
805 2600 951 2666 rhetoris
964 2592 1162 2685 κατηγορίαν
1173 2601 1243 2661 Σιο-

10 2753 21 2779 ..
88 2696 208 2785 κράτους
219 2705 435 2771 refutandam
448 2708 635 2794 composita
647 2708 874 2774 esseOobetus
885 2708 1014 2794 primus
1028 2707 1094 2772 sibi
1106 2729 1242 2794 persua·

90 2808 124 2874 sit
141 2809 238 2897 (Nov.
252 2815 347 2879 Leot.
361 2810 561 2897 661-681).
597 2816 699 2879 Illum
724 2815 815 2880 enim
839 2815 1119 2880 deolamationem
1141 2834 1242 2899 κατη-

90 2910 184 3001 γορίαν
207 2910 402 3003 Σωκράτους
424 2921 624 3009 inscriptam
653 2921 880 3008 composuisse
903 2928 1049 2986 testatur
1070 2921 1244 3007 Diogenes

89 3019 229 3093 Laertius
252 3028 289 3092 H
312 3028 365 3092 39.
413 3029 507 3105 Quae
530 3033 569 3093 ut
593 3028 659 3094 sibi
681 3028 910 3115 persuaderet,
942 3027 1091 3094 Cobetus
1115 3027 1245 3093 duobus

15 3217 26 3227 ι
87 3126 264 3220 Polycratis
299 3133 502 3219 fragmentis
538 3142 723 3201 commotus
749 3142 810 3219 est,
847 3136 990 3201 servatis
1024 3137 1168 3200 alterum
1203 3133 1244 3200 ab

10 3291 24 3323 ..=
86 3234 224 3307 Isocrate
248 3229 371 3322 (Busir.
398 3265 424 3307 o.
439 3237 484 3326 ὅ),
509 3243 653 3307 alterum
676 3244 713 3307 in
737 3242 864 3308 soholio
889 3242 1033 3328 quodam
1057 3241 1100 3308 ad
1122 3242 1246 3308 Aristi-

86 3344 131 3413 dis
153 3347 343 3414 orationem
365 3337 450 3432 ῧντὲρ
474 3348 540 3409 τῶν
562 3340 723 3433 τεττάρων
758 3347 808 3433 (ΙΙ
832 3351 905 3434 133,
931 3350 989 3434 173
1012 3348 1165 3415 Dindorf
1193 3349 1248 3414 HI

10 3452 19 3535 J,
76 3474 105 3540 p.
127 3455 205 3539 480,
231 3455 287 3536 24)
296 3449 331 3539 1),
358 3456 480 3542 quibus
516 3456 648 3522 Socrati
683 3456 808 3521 similia
843 3455 1036 3522 obiciuntur
1069 3457 1127 3541 iis,
1163 3479 1248 3542 quae

75 3561 273 3649 Xenophon
305 3562 359 3626 illi
392 3563 478 3628 vitio
513 3585 612 3628 versa
642 3585 714 3628 esse
739 3562 825 3629 dioit
846 3565 949 3630 Mem.
973 3564 991 3629 I
1014 3566 1044 3648 2,
1071 3564 1247 3629 121158.

192 3791 221 3858 1)
255 3789 375 3846 Isocrat.
403 3791 498 3846 Busir.
528 3811 550 3847 c.
578 3792 621 3849 IV
648 3785 812 3864 Σωκράτους
840 3791 871 3844 δὲ
899 3797 1061 3863 κατηγορεῖν
1088 3785 1249 3862 ἒηηρειρὴσας

65 3873 169 3951 ὅσπερ
187 3873 363 3951 ἐγκωμιάσαι
381 3874 549 3952 βουλόμενος
567 3873 740 3948 Ἀλκιβιάδην
763 3880 869 3939 ἔδωκας
892 3875 966 3950 edroi
988 3875 1123 3954 μαθητήν,
1150 3874 1182 3932 δν
1202 3874 1247 3932 ὑπ’

10 3986 12 3991 ·
66 3974 182 4026 ἐκείνου
199 3968 253 4040 μὲν
272 3961 365 4027 οὐδεὶς
383 3959 483 4040 ᾔσθετο
497 3963 711 4042 παιδευόμενον,
732 3962 774 4022 ὅτι
794 3969 825 4022 δὲ
844 3963 915 4022 πολὺ
935 3964 1061 4041 διήνεγκε
1079 3970 1133 4023 τοῖν
1152 3960 1247 4034 ἄλλων,

66 4052 195 4115 ἅπαντες
213 4048 247 4108 δν
266 4049 476 4129 ὁμολογήσειαν.
502 4089 533 4096 -
554 4058 641 4112 sohol.
660 4058 678 4112 l.
697 4059 729 4112 l.:
756 4058 835 4112 τοῦτο
856 4058 881 4111 δ’
901 4054 950 4113 οὐκ
971 4055 1060 4131 άργώς
1083 4059 1167 4123 εἶπεν,
1192 4052 1251 4110 ἀλλ’

66 4137 174 4213 ἐπειδὴ
193 4144 253 4200 οἶδε
272 4137 321 4199 τὸν
340 4141 471 4217 Σωκράτη
492 4140 560 4218 πρὸς
583 4140 644 4205 τοὺς
671 4152 749 4206 νιόυς
776 4143 815 4202 rie>
836 4143 969 4202 Ὀδυσσέα
997 4143 1176 4220 θαυμάζοντα
1203 4140 1252 4200 διά

66 4230 119 4305 τὴν
143 4228 274 4302 ποιαί-την
297 4234 403 4306 πρᾶξιν,
429 4229 463 4294 ὠς
486 4231 659 4304 Πολυκράτης
687 4240 716 4289 ἐν
743 4238 779 4307 τη]
807 4239 866 4290 κατ’
890 4233 973 4290 (tirou
997 4233 1069 4307 λόγῳ
1094 4242 1180 4307 ηησὶν
1204 4242 1251 4289 καὶ

1037 4326 1072 4382 5*
