2880 4852
704 233 923 306 -98-·

227 417 428 508 conspicuus
452 418 629 505 reddatur,
666 420 880 506 duodecimo,
914 419 1023 504 qualis
1053 426 1087 484 et
1115 417 1193 505 equi
1217 425 1252 484 et
1276 416 1401 505 equitis

227 529 355 615 optima
390 535 560 592 armatura
595 528 649 593 sit.
710 528 803 605 Quae
826 551 896 592 non
920 549 1170 613 supervacanea
1193 549 1267 592 esse
1291 550 1402 612 neque

118 702 121 707 ,
226 637 321 701 velut
345 635 570 721 appendicem
593 635 710 700 addita
733 635 819 699 mihi
843 640 985 700 constat.
1033 635 1101 700 Sed
1135 633 1205 717 fao,
1242 633 1310 698 tria
1344 633 1404 698 illa

227 743 339 829 capita
362 742 586 828 appendicem
610 765 698 826 esse,
735 743 876 807 alteram
904 742 1127 828 appendicem
1151 747 1253 827 caput
1276 740 1402 806 duode-

226 850 361 933 cimum,
409 850 477 913 iam
523 848 825 914 demonstrandum
870 848 951 933 fuit,
998 848 1274 934 Xenophontem,
1323 870 1402 912 cum

168 995 170 999 <
225 956 351 1021 librum
373 957 467 1021 nulla
496 957 666 1041 elegantia
689 942 924 1042 componeret,
960 955 1023 1021 hoc
1051 978 1120 1020 non
1147 978 1216 1020 uno
1247 961 1403 1042 tempore

227 1062 337 1128 facere
360 1064 521 1150 potuisse.
544 1101 585 1108 —-
609 1064 726 1128 Unum
750 1069 864 1128 autem
887 1061 924 1127 iri
946 1063 1034 1128 libro
1057 1063 1224 1127 indicium
1248 1068 1310 1147 est,
1336 1085 1404 1147 quo

227 1171 286 1256 qui
310 1193 387 1235 eum
409 1193 478 1236 non
502 1172 663 1236 continuo
687 1171 861 1257 scriptum,
886 1169 947 1235 sed
968 1176 1189 1235 retractatum
1209 1192 1284 1234 esse
1300 1176 1403 1254 atque

227 1272 414 1342 correctum
449 1278 516 1344 sibi
549 1278 768 1365 persuadent,
809 1278 861 1342 uti
901 1283 1057 1363 possunt,
1099 1277 1189 1362 quod
1223 1277 1402 1343 Nitschius

227 1385 365 1469 quidem
387 1407 456 1449 non
480 1385 606 1450 attulit.
643 1385 861 1450 Prooemium
884 1384 976 1449 enim
999 1384 1080 1448 libri
1101 1384 1165 1449 hoc
1188 1390 1254 1448 est:
1284 1372 1403 1462 Ἡμεῖς

227 1485 262 1571 γὲ
285 1486 395 1569 μένιοι
423 1481 514 1567 ὅσοις
537 1483 747 1570 σενεῑῦχομεν
775 1480 879 1552 ταύτὰ
903 1483 1029 1571 γνόντες
1053 1484 1211 1572 [Σίμωνι],
1243 1479 1304 1551 οὐκ
1328 1485 1401 1565 ἐξα-

145 1662 148 1666 ,
227 1591 383 1682 talpona
399 1593 435 1658 ἐκ
454 1598 515 1659 τῶν
531 1588 703 1683 ἡμετέρων,
729 1588 813 1658 ἀλλὰ
837 1590 925 1660 noti
947 1587 1041 1683 ἥδιον
1057 1589 1302 1681 παραδώσομεν
1318 1587 1401 1658 nicei

225 1705 296 1778 τοῖς
320 1698 441 1789 φίλοις.
476 1707 531 1770 Ex
556 1707 678 1791 quibus
703 1705 860 1770 concludi
883 1712 1006 1791 posset,
1031 1706 1301 1792 Xenophontem
1325 1727 1401 1771 cum

225 1794 366 1877 alteram
382 1811 509 1877 faceret
526 1812 719 1896 editionem,
745 1812 857 1877 delere
873 1812 1023 1878 noluisse
1040 1835 1088 1896 ea,
1106 1834 1190 1897 quae
1206 1811 1303 1898 prius
1320 1812 1400 1877 seri·

224 1919 361 2005 psisset,
388 1942 489 2004 quam
513 1919 813 1985 Simonislibrum
828 1921 978 2005 legeret,
1004 1919 1064 1984 sed
1087 1918 1169 1983 haee
1193 1918 1243 1984 ita
1267 1918 1400 1984 intelle-

224 2027 337 2110 genda
360 2049 434 2091 0000
457 2027 544 2090 mihi
566 2049 764 2112 persuasum
788 2033 853 2111 est,
888 2032 942 2111 ut,
973 2049 1058 2112 quae
1086 2025 1122 2091 in
1146 2026 1398 2091 commentariis

224 2133 435 2219 scripsisset,
468 2156 507 2198 ea
530 2133 642 2198 delere
666 2156 703 2198 se
725 2134 876 2198 noluisse
901 2133 1005 2221 dicat,
1042 2155 1118 2198 cum
1152 2133 1190 2197 in
1224 2132 1400 2219 publicum

226 2239 351 2305 librum
375 2239 500 2305 ederet.
528 2242 648 2325 Itaque
671 2241 825 2306 libellum
849 2240 891 2304 de
914 2263 951 2305 10
976 2240 1125 2325 equestri
1148 2245 1227 2326 post
1250 2240 1398 2327 Hippar-

224 2347 359 2412 chieum
393 2340 544 2413 extrema
571 2348 813 2434 Xenophontis
843 2353 953 2413 aetate
978 2347 1202 2433 compositum
1226 2369 1302 2412 0000
1328 2347 1398 2412 0111-

226 2454 336 2539 stimo,
368 2455 473 2520 artius
497 2476 577 2519 vero
601 2461 736 2543 tempus
761 2447 1036 2521 circumscribere
1058 2477 1129 2520 non
1151 2447 1332 2540 possum¹).

227 2640 230 2644 ’
326 2653 451 2715 Libri
477 2653 554 2734 qul
579 2654 690 2716 salso
714 2653 1000 2734 Xenophonti
1023 2654 1298 2717 tribuuntur.

491 2806 513 2895 5
536 2809 592 2877 26.
640 2811 682 2878 [10
706 2810 942 2879 Atheniensium
967 2810 1146 2897 Republica.

238 2994 241 3001 .
329 2935 372 2999 In
395 2935 562 3021 Diogenis
591 2930 721 3001 Laertii
749 2937 990 3023 Xenophontis
1018 2935 1220 3022 scriptorum
1244 2937 1399 3023 catalogo

223 3049 291 3106 tres
315 3042 395 3108 libri
417 3043 589 3128 leguntur,
615 3044 673 3128 qui
697 3043 783 3110 falso
808 3045 841 3109 ei
863 3044 986 3109 tributi
1006 3066 1078 3108 0000
1094 3042 1267 3128 videntur,
1290 3043 1399 3109 Athe·

223 3149 395 3213 niensium
413 3149 673 3236 Rempublieam
690 3151 775 3235 dico,
793 3151 941 3216 Socratis
957 3149 1173 3237 Apologiam,
1185 3150 1398 3236 Agesilaum.

222 3254 337 3340 Atque
365 3254 407 3320 de
436 3256 753 3322 Atheniensium
784 3258 921 3343 quidem
949 3257 1173 3344 Republica
1194 3258 1399 3324 brevissime

223 3361 343 3446 dicam,
369 3386 446 3427 cum
462 3387 480 3427 a
496 3364 729 3450 Xenophonte
753 3387 827 3429 earn
851 3373 960 3430 ortam
981 3387 1052 3430 non
1075 3387 1149 3430 esse
1172 3365 1265 3430 inter
1281 3385 1400 3431 omnes

222 3468 292 3533 fere
321 3475 453 3534 constet
476 3478 511 3536 et
535 3494 620 3553 cum,
650 3472 680 3535 si
707 3471 845 3537 uberius
879 3472 1043 3537 disserere
1070 3471 1266 3558 inciperem,
1302 3479 1401 3538 tanta

223 3576 319 3662 copia
351 3599 486 3661 eorum,
528 3601 613 3663 quae
645 3601 665 3644 a
695 3579 780 3643 viris
813 3579 922 3645 doctis
954 3581 996 3644 de
1032 3602 1071 3645 ea
1102 3579 1278 3666 disputata
1309 3587 1399 3665 sunt,

222 3683 353 3748 exitum
378 3684 541 3749 orationis
566 3687 698 3750 nullum
722 3687 923 3752 invenirem.
955 3687 1008 3751 De
1031 3686 1099 3752 fide
1121 3686 1232 3751 libelli
1249 3677 1295 3753 ab
1311 3687 1399 3752 anti·

222 3790 297 3874 quis
328 3790 412 3855 viris
441 3791 551 3856 doctis
583 3792 650 3856 iam
688 3792 882 3859 dubitatum
917 3816 990 3858 esse
1023 3793 1220 3859 Demetrius
1254 3795 1399 3881 Magnes

309 3934 359 4013 l)
395 3948 476 4002 Nihil
503 3948 570 4002 inde
600 3949 696 4021 colligi
724 3956 833 4022 potest,
862 3950 938 4021 quod
967 3957 1033 4022 post
1056 3950 1181 4006 Simonis
1204 3951 1313 4008 librum
1335 3957 1399 4023 περὶ

221 4035 336 4102 ἱππικῆς
354 4035 445 4107 ipsius
463 4037 593 4092 libellum
612 4039 776 4109 Xenophon
798 4039 967 4111 composuit.
994 4040 1153 4095 Nemeum
1170 4040 1221 4096 ille
1232 4039 1292 4096 iam
1306 4061 1332 4098 a.
1344 4043 1398 4097 424

220 4126 360 4196 magister
379 4126 510 4196 equitum
529 4137 605 4181 00001
625 4128 692 4196 (cfr.
706 4130 756 4183 Ar.
769 4130 905 4200 1111242),
924 4130 1045 4201 Helbig,
1064 4129 1152 4185 Arch.
1172 4130 1302 4204 Zeitung
1320 4133 1398 4202 1861,

218 4233 251 4285 p.
273 4216 325 4268 180
343 4213 386 4285 ff.)
405 4216 553 4286 probabile
572 4223 628 4285 est,
657 4235 723 4272 eum
747 4219 847 4273 multis
866 4218 950 4273 annis
977 4225 1045 4273 ante
1076 4219 1304 4291 Xenophontem
1331 4221 1400 4277 scri-

219 4303 323 4373 psisse.
339 4336 370 4342 —
384 4305 563 4375 Fragmenta
581 4306 706 4360 Simonis
726 4309 844 4362 collecta
863 4315 931 4362 sunt
950 4327 968 4362 a
986 4309 1107 4379 Blassi0,
1135 4309 1324 4371 Miscellanea
1342 4329 1398 4368 soc.

218 4392 319 4465 philol.
339 4394 432 4448 Bonn.
453 4395 495 4449 ed.
517 4396 631 4468 186411.
650 4397 694 4453 49.
