2880 4852
619 258 839 327 ..52-

148 439 296 529 expolita
324 464 344 507 a
372 441 550 529 scriptore,
586 443 646 530 qui
673 441 826 506 Atticam
856 442 960 506 solam
998 439 1174 527 cognitam
1204 440 1297 528 habet,

148 549 356 636 compositus
380 549 436 634 sit,
461 573 571 635 neque
594 550 665 615 ulla
687 571 741 614 res
765 554 900 613 nostrae
924 548 1118 613 sentcntiae
1139 556 1297 635 repugnet,

61 728 64 732 Α
148 677 224 720 eum
248 662 430 740 antequam
453 656 648 742 Xenophon
671 679 702 721 a.
724 656 790 720 401
819 654 863 718 ad
888 655 1016 740 Cyrum
1038 655 1297 741 proficisceretur*

147 761 295 826 Athenis
331 763 497 848 scriptum
532 785 604 827 esse
640 763 830 828 statuimus.
883 760 997 846 Atque
1031 785 1110 826 cum
1144 785 1205 850 per
1234 763 1297 828 bell

146 868 426 954 Peloponnesiaci
465 875 633 934 extremos
668 892 774 934 annos
807 869 954 934 Decelea
988 891 1008 933 a
1041 868 1297 936 Lacedaemonii:

148 974 309 1062 occupata
332 974 561 1041 Athenienses
588 977 708 1042 venari
736 999 806 1041 non
833 981 987 1061 possent,
1022 975 1178 1041 libellum
1200 999 1227 1042 a.
1247 977 1297 1040 40⁴.

149 1082 373 1169 compositum
397 1106 470 1148 esse
494 1083 672 1149 contendo.

339 1274 361 1364 ς
386 1277 430 1346 13.
478 1278 521 1346 sse
546 1278 708 1346 Historiae
732 1276 876 1346 Graecae
901 1277 994 1363 parte
1019 1277 1131 1363 prima.

254 1403 402 1468 Transeo
437 1403 481 1469 ad
507 1404 687 1468 Helleniea
722 1410 756 1468 et
790 1403 938 1489 primum
972 1403 1095 1488 quibus
1132 1403 1174 1468 de
1209 1403 1297 1468 causi

148 1533 218 1575 nou
233 1532 339 1574 unum
356 1533 440 1596 opus
457 1511 617 1575 continuo
634 1511 798 1596 scriptum
809 1509 966 1575 habenda
976 1511 1056 1595 sint,
1072 1511 1190 1597 paucis
1206 1509 1297 1575 verbi

149 1639 324 1702 exponam.
372 1617 485 1702 Atque
508 1617 695 1702 Dionysius
718 1618 796 1682 Hal.
821 1614 899 1703 (Ep.
924 1616 968 1681 ad
988 1616 1108 1702 Pomp.
1125 1617 1177 1684 IV
1192 1640 1224 1703 p.
1241 1617 1297 1682 777

146 1723 230 1789 haec
262 1723 383 1788 tradit:
419 1720 573 1808 Ξενοφῶν
589 1716 648 1798 τὰς
671 1713 854 1797 Ιὑποθέσεις
881 1723 946 1784 ταῖν
970 1715 1124 1807 ἱστοριῶν
1154 1717 1297 1798 ἒξελέξατι

147 1823 250 1904 καλοὶς
284 1825 340 1890 καῖ
368 1827 635 1915 μεγαλοπρεπεῖς
663 1825 718 1891 καί
748 1820 841 1913 ἀνδρὶ
870 1821 1045 1915 φιλοσόφῳ
1077 1821 1297 1915 προσηκούσας,

148 1930 206 2022 τη’ν
225 1958 260 1998 τε
276 1930 384 2021 Κύρου
400 1931 557 1998 παιδείαν
571 1986 577 1998 .
593 1986 599 1998 .
615 1985 645 1999 ..
669 1933 725 1999 καὶ
749 1931 808 2023 τὴν
823 1927 985 2017 οῖνοίβασιν
1005 1936 1063 1998 τοῦ
1079 1933 1235 2021 νεωτέρου
1249 1927 1297 1998 Kv'-

148 2066 205 2128 ροα
220 2092 226 2104 .
242 2092 249 2104 .
265 2092 294 2104 ..
323 2038 380 2104 καί
409 2037 520 2129 τρίτην
548 2036 597 2105 ἔτι
621 2037 679 2130 τὴν
700 2035 889 2130 Ἑλληνικὴν
912 2036 1060 2128 ἱστορίαν
1082 2038 1140 2104 καῖ
1164 2031 1203 2130 ἣν
1224 2035 1297 2105 κατί-

148 2147 246 2212 λιπεν
266 2140 364 2236 ἀτελῆ
384 2144 594 2236 Θονκυδίδης,
619 2146 653 2211 ἐν
676 2134 697 2237 ᾗ
719 2145 938 2213 καταλύονταί
960 2171 995 2212 τε
1019 2143 1050 2212 οἱ
1067 2142 1243 2233 τριάκοντα
1260 2142 1297 2212 καί

148 2250 190 2318 τοὶ
218 2251 307 2343 τείχη
335 2258 400 2319 τῶν
426 2248 628 2343 Ἀθηναίων,
665 2246 975 2338 ἃΛακεδαιμόνιοι
1010 2254 1184 2335 καθεῖλον,
1220 2240 1297 2329 αὖθις

135 2354 322 2436 ,ἀνίσταται
351 2403 393 2410 -
422 2366 623 2451 quibuscum
646 2367 774 2453 optime
799 2371 1048 2450 comparantur,
1074 2387 1161 2450 quae
1185 2363 1297 2430 exhibet

147 2473 365 2537 Marcellinus
400 2474 470 2538 Vit.
500 2473 654 2558 Thucyd.
683 2474 719 2538 H
746 2474 804 2537 45:
840 2461 993 2533 ἀπέθανε
1026 2465 1229 2557 Θονκυδίδης

149 2569 343 2662 συγγράφων
371 2571 412 2638 cd
437 2570 617 2663 πράγματα
645 2579 703 2641 τοῦ
732 2573 882 2640 εἰκοστοῦ
909 2572 966 2640 καὶ
993 2570 1129 2662 πρώτον
1158 2573 1297 2639 ἐνιαυτοί

149 2677 253 2746 εἴκοσι
277 2680 313 2744 δὲ
336 2679 392 2745 καὶ
416 2677 503 2745 ἓπτοὶ
527 2681 678 2764 κατέσχεν
694 2677 711 2748 ὁ
729 2679 885 2765 πόλεμος.
934 2677 984 2746 Τοί
1008 2680 1043 2746 δὲ
1066 2684 1132 2745 τῶν
1155 2674 1260 2746 ι’ίλλιαν
1278 2673 1297 2756 ‘il

149 2787 230 2852 ἑτῶν
253 2781 440 2877 ἀναπληροῖ
461 2782 533 2854 ὅτε
556 2786 762 2873 Θεόπομπος
785 2788 841 2854 καὶ
866 2783 1064 2878 ὃΞενοφιῦν,
1091 2779 1141 2866 οἷς
1161 2785 1297 2853 συνάπτει

149 2892 208 2984 τὴν
227 2889 416 2984 Ἑλληνικὴν
451 2891 607 2984 ἱστορίαν.
664 2900 741 2967 Duo
777 2902 885 2987 igitur
919 2900 1160 2987 Xenophontis
1196 2901 1297 2986 script

150 3006 350 3071 distinxisse
371 3006 533 3071 videntur
549 3007 736 3093 Dionysius
753 3016 787 3072 et
803 3008 1030 3090 Marcellinus
1052 3007 1297 3092 Paralipomena

149 3120 188 3177 ut
210 3113 260 3179 ita
283 3114 403 3197 dicam,
428 3113 471 3179 ad
488 3114 725 3200 Thucydidem
748 3122 783 3180 et
797 3115 987 3180 Historiam
1004 3115 1178 3179 Graecam.
1211 3113 1297 3180 Adde

63 3213 68 3221 ⁸
150 3221 241 3307 quod
267 3220 579 3306 Diogenes'Laert.
609 3221 874 3308 Xenophontem
904 3219 1115 3306 Thucydidis
1143 3220 1297 3287 historiar

150 3329 297 3393 edidisse
320 3327 405 3392 dicit
422 3327 471 3411 (Π
487 3327 559 3410 57):
585 3323 712 3410 λέγεται
737 3318 820 3389 δ’ἱῖτι
844 3322 900 3389 καὶ
923 3320 964 3387 τοὶ
984 3321 1296 3409 Θανκαόίόοαὶβιβλί

149 3424 335 3518 ὑφελέσθαι
363 3427 539 3513 δυνάμενος
568 3427 788 3512 λανθάνοντα,
820 3424 920 3508 αὐτὸς
943 3427 990 3508 εἰς
1014 3426 1112 3508 δόξαν
1136 3423 1254 3520 ἤγαγεν
1279 3471 1297 3481 -

151 3564 354 3626 quamquam
377 3542 477 3607 huius
502 3543 698 3608 testimonio
721 3565 790 3608 non
806 3543 951 3607 multum
967 3543 1179 3608 auctoritatis
1198 3544 1297 3610 tribu(

149 3649 273 3713 Nostra
300 3671 380 3713 vero
410 3655 521 3714 aetate
549 3650 678 3735 primus
701 3649 909 3715 Niebuhrius
940 3648 1070 3714 duobus
1104 3651 1297 3736 potissimur

150 3756 360 3840 argumentis
400 3779 481 3820 usus
524 3758 593 3837 (Kl.
634 3757 751 3821 histor.
788 3756 926 3822 Schrift.
962 3758 980 3821 I
1013 3754 1093 3840 464)
1131 3758 1297 3824 Historia]

151 3864 317 3928 Graecam
351 3886 458 3928 unum
493 3887 577 3950 opus
606 3863 767 3929 continuo
802 3864 1027 3950 compositum
1061 3886 1134 3928 esse
1168 3866 1296 3951 negavi

150 3970 240 4035 Nam
278 3970 316 4034 in
350 3970 518 4056 prioribus
553 3971 809 4036 Hellenieorum
843 3970 940 4036 libris
974 3970 1244 4058 Xenophontem
1282 3972 1297 4037 d

149 4077 416 4143 Atheniensium
439 4101 475 4143 re
499 4079 634 4165 publica
658 4078 732 4142 sine
756 4079 806 4142 ira
822 4084 856 4143 et
872 4078 985 4144 studio
1000 4079 1150 4144 iudicare
1166 4099 1297 4167 apparet

150 4183 188 4248 in
202 4184 448 4271 posterioribus
465 4187 622 4272 Spartam
642 4185 910 4271 Agesilaumque
925 4186 1146 4252 veneratione
1162 4187 1297 4272 ctiltuqu

149 4299 347 4377 persecutus
380 4292 528 4378 patriam
563 4293 592 4356 si
626 4315 696 4358 non
730 4291 842 4357 odisse
870 4298 905 4356 at
932 4315 1002 4357 non
1034 4314 1147 4358 amare
1174 4292 1297 4359 videtu

47 4434 53 4447 ·
150 4397 269 4484 Neque
299 4414 384 4483 quae
414 4405 565 4464 extremo
594 4401 698 4463 altero
726 4398 813 4463 libro
836 4399 1011 4484 leguntur:
1038 4389 1216 4486 Ἀθηναῖοι
1242 4390 1297 4480 ὀμ(
