2904 4846
546 235 766 349 7233-

67 409 258 509 floruisse1)
284 426 319 483 et
336 418 443 482 multa
458 418 601 483 aliorum
624 419 829 483 Graecorum
853 416 977 504 oppida
1000 417 1144 484 iamdiu
1166 416 1242 484 har-

67 525 188 590 mostis
223 523 338 589 missis
374 525 410 589 in
447 523 559 589 officio
593 520 817 609 retinuisse2),
859 548 935 590 cum
958 526 1026 590 iam
1061 526 1098 590 in
1133 526 1243 612 ipsam

67 631 314 718 rempublicam
342 631 522 696 harmostis
551 632 745 697 adulatione
774 632 952 696 civitatum
976 632 1143 718 corruptis
1166 633 1243 718 plu's

67 739 151 804 mali
174 760 276 824 quam
298 737 380 803 boni
403 738 484 802 inde
507 738 697 804 redundare
713 746 900 826 appareret.
936 741 1138 804 Harmostae
1162 760 1243 803 vero

67 869 89 915 a
112 845 292 931 Lysandro
315 845 462 931 primum
485 846 583 910 missi
605 853 682 932 post
705 868 857 932 pugnam
873 846 1088 911 Leuctricam
1111 845 1245 931 expulsi

67 959 150 1018 sunt
173 953 285 1033 (Paus
309 953 365 1017 IX
388 954 419 1038 6,
443 954 478 1036 4,
503 953 589 1020 VHI
602 954 654 1037 52,
679 953 723 1037 4),
749 953 864 1038 itaque
887 953 1012 1018 librum
1035 975 1104 1018 non
1128 952 1244 1017 statim

66 1059 359 1148 Peloponnesiaco
382 1060 471 1126 bello
496 1059 664 1143 confecto,
688 1067 803 1124 tamen
832 1066 912 1124 ante
936 1083 964 1125 a.
990 1061 1054 1125 371
1080 1059 1244 1145 composi-

66 1174 143 1233 tum
181 1188 254 1232 esse
288 1166 505 1254 perspicuum
540 1174 600 1232 est.
658 1169 709 1231 Eo
734 1174 847 1232 autem
870 1172 1032 1253 tempore,
1069 1189 1136 1252 quo
1158 1165 1245 1231 liber

69 1281 340 1362 componeretur,
352 1273 615 1339 Lacedaemonii
637 1275 868 1360 principatum
891 1297 960 1338 non
983 1273 1158 1358 tenebant,
1183 1273 1243 1338 sed

67 1405 270 1469 recuperare
304 1381 501 1464 studebant;
538 1382 679 1446 aliorum
714 1404 794 1447 vero
830 1384 1037 1448 Graecorum
1072 1381 1172 1445 multi
1208 1404 1243 1445 se

67 1490 271 1573 incitabant,
307 1496 346 1553 ut
379 1511 507 1553 novum
542 1489 676 1553 illonun
711 1489 893 1575 imperium
922 1488 1145 1575 impediretur
1168 1488 1199 1568 (ἓ
1224 1489 1244 1552 6

67 1596 124 1657 νῦν
153 1591 277 1657 πολλοὶ
306 1579 565 1680 παρακαλοῦσιν
588 1585 749 1681 ἀλλήλους
777 1590 836 1656 ἐπὶ
864 1587 902 1657 τὸ
932 1587 1126 1656 διακωλύειν
1148 1583 1244 1678 ἔρξαι

67 1695 176 1764 πάλιν
199 1692 339 1783 αὐτούς).
385 1703 571 1788 Imperium
595 1710 707 1768 autem
731 1704 783 1768 illi
805 1702 1075 1769 Atheniensibus
1100 1702 1245 1768 devictis

56 1811 219 1898 ‘primum
242 1811 336 1874 nullo
354 1810 555 1875 adversante
580 1817 816 1894 exercuerunt;
841 1810 965 1876 deinde
987 1810 1139 1875 cladibus
1155 1808 1246 1896 apud

68 1919 265 1984 Haliartum
282 1917 497 2003 Cnidumque
514 1919 661 2004 acceptis
678 1919 861 1984 auctoritas
877 1918 1058 1983 imminuta
1074 1925 1135 2002 est,
1161 1939 1246 2003 quae

70 2049 148 2090 cum
172 2025 361 2112 Iphicrates
385 2014 489 2109 μόρον
512 2025 709 2109 delevisset,
737 2025 932 2111 bellumque
955 2048 1017 2112 per
1041 2031 1115 2090 octo
1139 2046 1245 2090 annos

70 2132 259 2217 duceretur,
296 2132 333 2196 in
368 2132 441 2196 dies
476 2132 585 2217 magis
621 2133 853 2199 evanescebat.
902 2133 1013 2210 Quare
1047 2133 1100 2196 illi
1127 2154 1246 2218 pacem

71 2263 91 2305 a
114 2263 196 2326 rege
219 2240 357 2304 missam
378 2247 589 2326 acceperunt,
616 2263 682 2325 qua
705 2264 822 2305 omnes
846 2241 1004 2305 civitates
1021 2262 1062 2303 ex
1078 2243 1246 2324 potestate

73 2347 246 2411 dimittere
270 2347 354 2411 iussi
371 2354 451 2411 sunt
479 2347 581 2427 (Heli.
599 2347 631 2412 V
649 2347 759 2431 1,31),
787 2346 877 2432 quod
901 2346 1039 2432 quidem
1063 2368 1119 2411 eos
1142 2343 1246 2409 verbo

74 2453 189 2541 potius
213 2476 314 2538 quam
337 2477 373 2518 re
396 2453 519 2518 fecisse
534 2460 653 2517 notum
671 2460 731 2518 est.
778 2455 898 2538 Itaque
922 2454 1014 2518 inter
1037 2475 1164 2518 annum
1181 2452 1246 2516 387

73 2567 120 2625 et‘
147 2584 175 2626 a.
212 2561 276 2625 371
322 2560 582 2646 Rempublicam
617 2561 942 2626 Laccdamoniorum
977 2560 1138 2646 scriptam
1173 2582 1247 2624 esse

74 2668 142 2732 iam
155 2674 306 2755 apparet.
339 2668 478 2732 Summa
492 2690 573 2733 vero
590 2692 666 2733 cum
682 2668 924 2754 probalititatis
941 2667 1056 2755 specie
1069 2666 1246 2732 Nitsehius

56 2778 59 2783 '
75 2771 120 2861 (p.
135 2775 190 2855 54)
214 2776 503 2859 Naumannusque
526 2775 570 2860 (p.
585 2776 639 2855 26)
663 2776 722 2840 illa
738 2775 981 2862 Xenophontis
997 2775 1100 2840 verba
1123 2766 1247 2834 πολλοὶ

74 2878 323 2966 παρακαλοῦσιν
345 2871 505 2966 ἀλλήλους
521 2877 579 2942 ἐπὶ
605 2874 641 2942 τὸ
666 2873 860 2942 διακωλύειν
881 2871 976 2965 ἔρξαι
1001 2873 1106 2941 πάλιν
1129 2869 1248 2954 αὐτοὺς

75 2989 117 3055 ad
141 2990 282 3055 alteram
306 2988 636 3054 confoederationem
663 2990 820 3055 navalem
848 3013 876 3054 a.
902 2990 967 3053 378
991 2989 1033 3054 ab
1057 2987 1248 3053 Athenien-

76 3097 169 3162 sibus
194 3119 270 3161 eum
288 3097 394 3179 Chiis,
418 3097 647 3181 Mytilenaeis,
671 3098 851 3182 Byzantiis
875 3096 997 3161 initam
1031 3097 1247 3180 rettulerunt,

35 3205 38 3210 ’
76 3205 170 3269 cuius
195 3205 374 3269 consilium
398 3204 498 3268 titulo
521 3212 656 3291 reperto
684 3205 749 3269 hoc
779 3205 885 3269 fuisse
910 3203 1118 3268 ostenditur:
1155 3191 1249 3274 ὅπως

76 3300 114 3371 dv
136 3304 402 3390 Λακεδαιμόνιοι
427 3306 505 3371 iiior
529 3304 605 3385 curig
622 3301 779 3396 Ἕλληνας
807 3305 1000 3395 ἐλευθέρους
1026 3305 1084 3370 καὶ
1114 3299 1249 3370 αὐτονό-

78 3440 159 3496 μους
183 3408 320 3503 deripier
343 3407 441 3499 dysin,
478 3411 537 3503 τὴν
560 3408 667 3479 αὑτῶν
691 3411 821 3495 ἔχοντος
845 3413 879 3478 ἒν
900 3411 1025 3499 βεβαίῳ
1061 3415 1249 3502 (Rangabd,

75 3525 219 3611 Antiqu
243 3525 378 3590 Hellen.
403 3526 440 3589 Π
461 3526 506 3589 40
530 3549 555 3591 s.
576 3523 687 3610 3735),
713 3526 762 3590 ita
785 3533 823 3590 ut
840 3550 867 3591 a.
886 3526 953 3589 378
976 3525 1050 3589 fere·
1070 3525 1127 3589 vel
1149 3524 1249 3610 paulo

75 3634 262 3718 posteriore
286 3639 438 3719 tempore
462 3632 598 3697 libellus
622 3633 768 3719 scriptus
792 3656 865 3697 esse
889 3632 1056 3698 videatur.
1101 3631 1143 3695 Id
1159 3631 1251 3694 enim

78 3740 130 3805 illi
153 3741 296 3805 minime
319 3739 406 3803 mihi
428 3741 666 3826 probaverunt,
691 3740 780 3825 quod
804 3746 961 3825 quartum
985 3739 1154 3804 decimum
1178 3760 1249 3823 cap.

190 3953 216 4019 1)
244 3951 304 4005 ΙΙ.
324 3943 378 4021 ἐγὼ
398 3944 529 4018 ἐννοήσας
548 3953 613 4004 ποτὲ
639 3944 675 4009 ὠς
697 3944 712 4018 ἡ
733 3945 847 4024 Σπάρτη
879 3950 932 4004 τῶν
964 3941 1251 4020 ὀλιγτινθρωττοτιὶτων

76 4036 184 4095 πόλεων
204 4034 274 4092 odon
295 4034 468 4106 δυνατωτάτη
487 4060 514 4093 τε
534 4045 579 4092 καὶ
601 4033 807 4109 ὀνομαστοτάτη
827 4043 857 4093 ἐν
875 4040 906 4112 τῇ
925 4033 1034 4092 Ἐλλάδι
1054 4032 1150 4109 ἐφάνη.

185 4132 214 4196 2)
242 4130 314 4182 XIV
323 4131 354 4183 4:
363 4129 413 4181 νῦν
424 4132 576 4202 ἐπίσταμαι
586 4123 649 4187 τοὺς
660 4129 810 4188 δοκοῦντος
822 4123 946 4201 πρώτους
959 4129 1030 4182 εἶναι
1045 4119 1252 4184 ἐσπουδακότας

77 4214 111 4279 ὠς
133 4219 276 4293 μηδέποτε
300 4212 443 4271 ποτἰοιντιιι
468 4212 632 4291 ἁρμόζοντες
655 4221 698 4271 ἐπὶ
720 4222 800 4286 ξένης.
820 4219 892 4274 XIV
910 4221 939 4272 2:
960 4218 1025 4270 olda
1044 4211 1098 4289 γὰρ
1118 4210 1253 4288 πρότερον

77 4311 129 4380 μὲν
140 4306 387 4379 Λιικιιλιιι,ιιονιόι·ς
401 4313 582 4380 αἴροι’,τιίνοος
595 4313 665 4360 οἴκοι
687 4301 719 4359 ric
732 4313 832 4380 ιιιέτριιι
847 4310 958 4377 ἔχοντος
978 4301 1101 4373 ἀλλήλοις
1120 4311 1251 4367 σινιῐνιιι,

79 4399 185 4472 ,utilior
205 4390 219 4464 ἢ
239 4391 409 4469 ἁρμόζοντας
428 4400 457 4448 ἐν
475 4404 535 4455 τιιῖς
553 4392 650 4450 milret
670 4403 714 4448 mci
737 4401 970 4470 aoiuxwops‘vorg
990 4397 1219 4467 ιλιιιοῖλείρισῖλιιι.

1039 4486 1073 4538 6*
