2880 4852
592 265 810 329 -55-

144 437 210 524 (bis).
227 444 265 508 18
277 440 368 526 (his).
387 443 455 526 37),
479 440 515 526 4)
533 425 609 518 οὖν,
627 443 715 528 quod
729 444 926 529 quindecies
942 443 1023 526 illic,
1040 450 1159 527 quater
1174 442 1286 507 decies

103 622 106 627 ι
142 550 279 633 usquead
302 549 406 615 finem
430 550 510 616 libri
525 550 665 634 legitur:
689 552 708 615 Ι
732 553 761 627 1,
786 552 838 616 27.
864 552 921 634 343
946 552 976 634 3,
1003 551 1058 633 193
1083 551 1114 634 4,
1138 551 1169 614 4.
1196 551 1225 615 7.
1249 551 1285 633 83

141 639 257 730 33333
281 658 346 742 11,
365 659 416 722 14.
434 659 490 741 26,
509 659 539 742 3,
556 658 587 722 3.
608 658 661 740 13,
679 658 710 740 3,
730 659 783 740 3,
807 658 1104 741 31433313
1128 658 1284 741 111,19;

142 764 252 848 -33,
271 765 322 829 15.
341 765 393 828 3.
411 765 463 829 33.
481 765 533 828 34.
551 765 604 828 37.
621 765 675 828 43.
693 766 736 828 3
753 761 846 847 333
874 765 905 848 4,
923 766 943 828 e
968 762 1057 846 (bis).
1083 764 1134 831 3.
1160 765 1210 829 13.
1233 765 1285 828 33.
1344 781 1347 790 ·
1386 820 1391 834 ,

141 857 340 956 313313Π3,
365 873 421 953 38;
446 863 568 955 quibus
592 870 678 936 addo
703 860 743 932 oi)
764 866 896 949 μέντοι
915 865 1026 950 -73'1
1049 870 1086 934 H
1101 871 1131 954 3,
1154 871 1206 935 27.
1228 871 1285 954 36,

138 974 161 1056 4,
183 979 233 1060 423
269 984 303 1041 33
332 972 370 1058 γὲ
393 972 545 1056 pictor:
568 978 604 1041 H
628 979 658 1061 3,
688 978 746 1061 373
775 978 807 1061 4,
832 977 888 1061 22,
926 1000 1011 1062 quae
1046 977 1183 1042 omnino
1217 1000 1287 1043 non

86 1076 89 1125 ἵ
138 1079 278 1168 leguntur
305 1085 343 1148 in
365 1090 461 1169 parte
484 1084 609 1170 priore;
646 1066 707 1160 αὖ,
737 1084 827 1168 quod
855 1084 959 1149 semel
987 1083 1024 1148 in
1051 1091 1148 1170 pa1te
1174 1085 1287 1171 priore

137 1182 175 1266 (H
189 1192 213 1275 1,
237 1187 281 1274 2),
308 1191 434 1278 3333133
454 1190 622 1274 hic(H3‚
641 1193 693 1256 19.
719 1193 771 1256 28.
794 1192 846 1256 30.
867 1192 921 1258 42.
942 1192 997 1254 45.
1013 1192 1072 1274 48,
1097 1182 1220 1251 πάλιν
1241 1174 1287 1252 αὖ

135 1290 199 1381 114,
222 1293 292 1380 29);
319 1287 462 1381 ὥσπερ,
488 1299 577 1384 quod
592 1305 645 1362 ter
661 1298 732 1363 illic
756 1295 787 1373 (I
805 1299 832 1381 1,
851 1298 907 1379 27;
932 1299 962 1362 6.
985 1298 1019 1380 53
1043 1298 1071 1381 7,
1090 1297 1155 1381 26),
1181 1297 1287 1363 octies

133 1396 415 1488 1113(Π3,(161)
446 1407 497 1470 19.
528 1407 580 1471 31.
605 1406 662 1488 353
691 1407 722 1487 4,
747 1407 777 1469 9.
805 1406 846 1469 16
870 1400 959 1488 (bis).
990 1405 1042 1469 36.
1068 1404 1123 1483 41)
1150 1405 1285 1490 legitur.

134 1504 237 1596 ltaque
253 1513 418 1577 Muellero
434 1513 593 1577 assentiri
616 1534 685 1577 333
709 1511 828 1577 dubito
845 1511 1041 1595 affirmanti,
1065 1511 1146 1576 inde
1166 1513 1208 1577 ab
1224 1535 1286 1576 un-

131 1611 246 1683 decima
269 1619 366 1683 tertii
390 1621 512 1705 capitis
535 1619 747 1705 paragrapho
774 1619 906 1705 ,ipsum
925 1641 1034 1704 genus
1056 1618 1193 1684 dicendi
1212 1619 1287 1685 fieri

129 1726 309 1811 expeditius
333 1733 434 1811 atque
458 1727 610 1810 alacriuS,
635 1749 711 1791 cum
728 1727 910 1791 incalescat
931 1721 1107 1812 scriptor“,
1133 1733 1167 1791 33
1183 1727 1287 1792 finem

128 1832 245 1917 primae
268 1835 525 1899 Hellenicorum
547 1834 653 1919 partis
677 1856 747 1898 333
764 1857 836 1898 3333
853 1840 1004 1897 extremo
1024 1832 1111 1898 libro
1128 1834 1286 1919 secundo,

130 1939 178 2004 red
199 1947 278 2027 post
301 1940 467 2006 decimam
490 1941 585 2006 tertii
609 1941 730 2026 capitis
753 1940 1011 2027 paragraphum.
1036 1949 1078 1983 '—
1109 1939 1181 2016 Quo
1204 1963 1286 2006 vero

129 2052 268 2135 tempore
292 2047 421 2134 priores
445 2047 510 2112 duo
525 2046 613 2112 'libri
637 2048 816 2134 compositi
840 2048 919 2131 sint,
943 2069 1013 2112 333
1037 2047 1120 2111 33313
1142 2053 1285 2112 constat.

130 2153 329 2241 Quamquam
353 2155 444 2218 enim
460 2153 728 2240 Xenophontem
751 2163 933 2241 antequam
950 2153 1169 2239 Thucydides
1189 2177 1286 2241 prae·

128 2268 244 2327 matura
268 2268 376 2327 morte
402 2261 599 2348 absumptus
624 2268 726 2346 esset,
761 2263 954 2346 consilium,
991 2269 1136 2347 utopus
1160 2261 1284 2326 abillo

128 2366 310 2434 incohatum
326 2375 593 2454 persequeretur,
612 2392 729 2455 capere
746 2392 814 2434 333
830 2369 982 2454 33331333
999 2374 1148 2454 apparet,
1169 2374 1284 2433 tamen

128 2472 178 2540 hac
201 2499 243 2541 ex
266 2499 304 2540 re
327 2499 396 2541 333
420 2477 565 2540 multum
587 2476 791 2562 proficimus.
851 2475 1070 2560 Thucydides
1099 2475 1190 2539 enim
1218 2498 1283 2561 quo

129 2603 202 2648 anno
217 2589 371 2648 mortuus
388 2584 442 2667 sit,
461 2583 544 2647 adeo
560 2605 629 2648 non
644 2590 787 2668 constat,
804 2590 843 2648 ut
858 2583 1064 2648 Letronnius
1081 2579 1283 2667 (113388)

130 2695 156 2752 et
173 2689 453 2755 Breitenbachius
477 2688 541 2770 (ed.
566 2691 701 2754 Hellen.
726 2697 751 2755 t.
775 2691 793 2754 Ι
816 2713 891 2776 333.
916 2713 948 2775 p.
976 2685 1053 2772 155)
1080 2689 1283 2774 persuadere

131 2795 183 2860 sibi
213 2796 403 2883 potuerint,
439 2819 516 2861 eum
546 2796 676 2861 duobus
709 2796 780 2861 fere
808 2797 907 2861 annis
936 2803 1014 2883 3333
1036 2795 1163 2860 bellum
1186 2798 1283 2862 Pelo·

131 2904 358 2986 pennesiacum
390 2903 583 2969 confectum
616 2927 657 2967 ex
685 2905 758 2969 vita
782 2903 978 2968 discessisse
1001 2903 1283 2989 Xenophontem-

132 3029 183 3092 que
203 2992 476 3097 iam-antequam
492 3010 535 3076 ad
552 3011 681 3095 Cyrum
696 3012 974 3098 proficisceretur,
999 3011 1145 3095 primam
1167 3012 1283 3075 Helle·

132 3115 267 3182 nieorum
298 3124 430 3204 partem
463 3118 700 3204 composuisse.
757 3118 850 3194 Quae
884 3116 1071 3203 probabilia
1107 3139 1179 3181 3333
1215 3139 1284 3182 333

133 3222 284 3308 existimo,
313 3247 424 3310 neque
452 3225 558 3307 enim,
591 3225 621 3289 si
644 3225 862 3311 Thucydides
891 3224 994 3290 libros
1019 3247 1095 3288 suos
1119 3247 1179 3310 per
1201 3224 1283 3289 belli

132 3331 247 3418 tempus
270 3331 353 3397 adeo
377 3332 446 3395 iam
470 3331 688 3415 elaborasset,
713 3339 751 3396 ut
773 3354 855 3417 pace
879 3331 966 3395 inita
990 3338 1159 3397 extremus
1184 3330 1283 3397 modo

134 3438 224 3520 operis
247 3438 459 3525 perpoliendi
482 3438 577 3504 labor
600 3438 813 3503 adhibendus
838 3445 936 3522 esset,
962 3437 1083 3522 quibus
1107 3438 1149 3503 de
1173 3439 1283 3503 causis
1336 3422 1338 3426 ⁷

134 3537 254 3610 historia
277 3568 347 3611 non
370 3545 459 3610 ultra
481 3527 536 3609 res
559 3569 587 3610 a.
604 3547 669 3611 411
689 3552 804 3630 gestas
819 3545 982 3631 perducta
998 3545 1044 3609 sit
1059 3546 1282 3631 intellegitur,

135 3666 224 3734 neque
245 3652 513 3739 Xenophontem
536 3653 696 3717 iuvenem
715 3653 866 3718 nondum
881 3653 1027 3738 triginta
1043 3675 1149 3717 33333
1165 3659 1284 3717 natum

136 3748 324 3844 Thucydidis
349 3781 432 3845 opus
455 3759 701 3845 perficiendum
725 3760 791 3826 sibi
812 3760 996 3844 sumpsisse
1016 3760 1204 3824 verisimile
1221 3767 1282 3826 est.

135 3856 223 3949 Adde,
247 3865 337 3952 quod
359 3887 468 3949 genus
492 3866 629 3931 dicendi
653 3868 808 3951 quamvis
833 3868 873 3933 ab
895 3865 1090 3932 Anabaseos
1115 3868 1283 3953 Oyropae-

136 3962 254 4058 diesque
278 3973 449 4059 elegantia
472 3973 618 4037 nimium
635 3980 799 4058 quantum
814 3974 958 4059 recedat,
983 3981 1083 4059 atque
1104 3975 1283 4062 praecipue

136 4079 288 4156 particulis
312 4080 467 4145 omnibus
484 4079 555 4144 fere
572 4090 692 4165 careat,
716 4083 823 4146 multo
846 4088 961 4146 tamen
985 4082 1176 4168 expeditius
1201 4081 1283 4146 faci-

136 4176 247 4272 liusque
270 4194 323 4252 est
346 4210 448 4273 quam
471 4188 690 4273 Cynegetici,
728 4210 829 4273 que-m
856 4189 915 4253 illo
943 4196 1095 4276 tempore
1119 4189 1283 4274 scriptum

136 4307 192 4357 esse
216 4318 317 4383 supra
345 4294 663 4361 demonstravimus.
714 4296 829 4380 Atque
856 4296 1030 4382 probabile
1059 4316 1190 4380 quoque
1221 4301 1282 4381 est,

137 4390 352 4488 Thucydidem
374 4403 464 4466 ultra
487 4425 615 4467 armum
643 4403 721 4486 399,
758 4425 823 4487 quo
851 4403 1037 4467 Archelaus
1065 4402 1283 4467 Macedoniae
