2880 4852
604 272 645 280 -
692 238 822 301 60.-

128 435 244 478 mense
267 413 433 501 Delphico
456 414 645 479 Bucatione
678 437 755 479 cum
783 413 900 479 Attico
923 411 1194 497 Metageitnione
1227 408 1244 473 fi

129 520 261 606 aequali
285 521 452 587 celebrata
475 543 548 586 esse
572 527 706 587 constat
729 527 831 607 atque
860 520 1004 606 septimo
1036 519 1139 584 huius
1172 539 1244 582 men

129 628 185 694 die
208 629 265 714 agi
281 628 433 716 coepisse
456 628 643 694 verisimile
667 635 719 694 est
743 625 817 702 (cfr.
842 626 1032 711 Kirchhoff,
1057 627 1136 691 Ber.
1159 624 1192 689 d.
1208 625 1244 689 Bi

129 734 235 801 Acad.
261 737 349 800 1864
370 731 510 821 p.129).
557 737 678 820 ltaque
701 738 802 801 Iason
832 735 1018 800 secundum
1040 740 1193 799 nostram
1215 738 1244 796 16

129 865 250 929 porum
282 843 450 908 rationem
485 850 667 928 antequam
698 844 826 908 mensis
849 842 1026 928 Augustus
1061 841 1170 906 exiret
1196 839 1244 904 int

130 949 242 1015 fectus
264 972 338 1014 esse
360 949 499 1016 videtur
522 948 596 1034 (cfr.
620 950 741 1036 Ideler,
767 950 971 1035 Chronolog.
995 951 1013 1014 I
1036 946 1124 1028 385).
1158 948 1243 1013 Secu

131 1064 183 1123 est
206 1056 310 1123 fratre
330 1056 500 1143 Polydoro
524 1058 655 1124 sublato
671 1058 879 1146 Polyphron‚
903 1057 963 1142 qui
990 1079 1051 1143 per
1072 1076 1179 1121 unum
1202 1077 1244 1118 m(

131 1187 259 1229 annum
281 1186 426 1250 regnum
449 1164 614 1250 obtinuit,
639 1188 716 1231 cum
746 1166 788 1231 ab
811 1164 1006 1230 Alexandro
1029 1170 1173 1228 mortem
1196 1177 1244 1249 pat

132 1270 295 1357 Polydori
318 1272 431 1337 ulturo
454 1295 483 1337 6.
508 1273 573 1337 369
596 1272 845 1338 interficeretur
869 1269 973 1357 (Hell.
997 1273 1049 1337 VI
1070 1271 1101 1356 4,
1126 1270 1183 1352 34;
1213 1269 1244 1332 Ρζ

131 1379 247 1464 Pelop.
262 1375 329 1461 29).
353 1378 586 1445 Alexandrum
610 1387 724 1445 autem
739 1379 909 1446 Diodorus
919 1381 991 1448 XV
1002 1379 1046 1445 61
1062 1401 1123 1465 per
1144 1376 1244 1441 unde

96 1543 105 1565 ¹.
131 1508 238 1551 annos
272 1507 432 1571 regnasse
468 1486 566 1570 dicit,
607 1487 723 1573 itaque
757 1511 786 1552 6.
822 1487 889 1552 358
922 1487 1051 1552 occisus
1092 1491 1144 1549 est
1152 1480 1188 1568 ¹),
1234 1506 1244 1547 1

134 1616 163 1658 a.
188 1593 263 1678 357,
301 1616 366 1678 quo
399 1593 568 1659 Diodorus
603 1595 669 1660 alio
708 1595 781 1660 1666
817 1592 918 1677 (XVI
954 1594 1008 1674 14)
1047 1614 1124 1658 eum
1163 1591 1244 1677 perii

135 1698 251 1784 tradit,
275 1698 343 1765 ubi·
357 1722 442 1787 quae
458 1701 689 1787 compluribus
705 1702 804 1767 annis
821 1700 1028 1785 acciderunt,
1052 1723 1090 1765 66
1105 1722 1174 1764 uno
1190 1706 1244 1764 ten

134 1829 290 1872 narrasse
311 1806 457 1873 videtur.
506 1809 544 1874 Si
559 1831 639 1875 vero
663 1833 692 1874 6.
717 1810 783 1874 358
798 1808 993 1874 Alexander
1012 1807 1155 1891 interiit,
1182 1807 1242 1892 qui

135 1915 167 1979 ei
190 1916 353 1980 successit
381 1916 588 2003 Tisiphonus
623 1916 831 2002 aliquamdiu
865 1917 933 1982 iam
967 1937 1112 2001 regnum
1146 1915 1244 1979 obtin

138 2045 215 2086 cum
238 2022 434 2108 Xenophon
461 2024 715 2089 Hellenicorum
731 2024 874 2089 xlibnrm
900 2024 952 2090 VI
985 2028 1215 2108 componeret,

135 2129 196 2195 vix
219 2136 298 2195 ante
322 2153 350 2196 6.
367 2131 432 2195 357
448 2131 627 2196 Η611611166
651 2131 813 2197 adfinem
836 2131 1020 2218 perducere
1042 2130 1164 2217 potuit.
1198 2130 1244 2194 Oe

136 2259 213 2301 cum
237 2238 355 2303 6354
386 2238 654 2325 Xenophontem
689 2238 888 2304 defunctum
923 2261 997 2303 esse
1032 2260 1134 2324 supra
1171 2236 1244 2302 dem

136 2350 281 2410 stratum
304 2345 349 2410 611
372 2347 416 2432 (p.
435 2347 476 2410 31
495 2342 568 2431 sq),
594 2346 686 2411 inter
709 2369 738 2411 a.
752 2347 818 2412 358
834 2353 868 2411 61
885 2347 951 2411 354
967 2352 1117 2411 extrema
1133 2345 1244 2411 Histo:

137 2452 286 2517 Graecae
309 2476 387 2540 pars
411 2454 597 2540 composita
620 2449 711 2534 est2).

246 2682 273 2754 1)
311 2684 493 2755 Quamquam
512 2703 568 2757 quo
592 2703 668 2739 anno
687 2684 852 2740 Alexander
879 2684 1050 2739 interfectus
1078 2685 1125 2754 sit,
1154 2704 1213 2740 non
1241 2708 1244 2739 1

137 2779 262 2844 constat,
290 2779 387 2828 tamen
407 2792 473 2829 eum
490 2774 550 2829 iarn
573 2794 598 2829 a.
617 2777 679 2845 359,
708 2792 849 2845 quocum
867 2780 1015 2829 mortuum
1034 2791 1096 2828 esse
1116 2775 1244 2830 dicunt(

138 2863 237 2918 tonius
262 2863 305 2934 (F.
330 2865 368 2918 H.
392 2883 456 2937 app.
484 2866 529 2935 153
553 2865 620 2936 epit.
641 2884 667 2936 p.
687 2864 750 2935 23),
779 2864 899 2919 Grotius
922 2864 980 2929 (XI
997 2865 1051 2918 288
1069 2883 1097 2917 n.
1117 2863 1165 2933 2.),
1194 2866 1244 2920 Cu]

138 2952 200 3024 (Gr.
220 2953 323 3008 Gesch.
343 2952 491 3026 1115431)
510 2955 653 3010 interiisse
671 2956 843 3026 persuadere
866 2955 938 3009 mihi
966 2972 1025 3008 non
1048 2971 1176 3025 possum.
1212 2954 1244 3009 Νι

140 3043 218 3097 enim
237 3049 289 3114 661,
309 3063 360 3098 cur
372 3043 571 3099 Alexandrum
590 3044 724 3099 undecim
743 3045 857 3117 imperii
876 3061 968 3099 annos
987 3043 1146 3098 confecisse
1164 3061 1244 3115 nege]

139 3151 232 3205 neque
250 3151 286 3188 ex
304 3134 471 3204 Plutarcho,
495 3134 629 3205 quicum
657 3152 693 3189 ex
720 3134 783 3189 vita
811 3134 964 3189 decessisse
992 3132 1062 3187 dicit
1090 3126 1175 3201 ὀλίγῳ
1200 3126 1244 3185 ta

141 3242 228 3294 quam
241 3223 371 3279 Thebani
381 3224 537 3296 Pelopidae
555 3230 679 3279 mortem
697 3223 751 3278 ulti
771 3229 866 3281 essent
886 3243 910 3278 a.
924 3225 976 3278 363
990 3223 1100 3294 (Pelop.
1115 3240 1137 3276 6.
1151 3223 1208 3291 35),
1228 3241 1244 3276 6

140 3317 272 3367 mentum
291 3313 454 3369 ducendum
473 3331 535 3368 esse
554 3313 697 3383 existimo,
726 3332 791 3367 cum
819 3314 874 3367 hoc
901 3311 1100 3383 indiligentius
1128 3311 1240 3366 dictum

141 3403 255 3458 etiamsi
283 3402 482 3458 Alexandrum
510 3422 534 3458 6.
565 3403 619 3457 359
646 3402 764 3475 periisse
782 3401 913 3456 facimus.
943 3401 1122 3456 Stesiolidem
1150 3418 1220 3455 vero

142 3498 243 3548 nostra
261 3494 405 3548 sententia
423 3512 482 3549 non
501 3511 632 3566 pugnare
645 3513 671 3565 p.
682 3495 717 3548 31
728 3510 769 3564 sq.
790 3493 1020 3547 demonstratum
1038 3495 1089 3544 est.
1109 3489 1139 3545 Si
1149 3490 1244 3546 Alexa

142 3581 277 3638 undecim
299 3582 413 3656 imperii
430 3602 522 3638 annos
541 3583 696 3655 complevit
715 3603 740 3637 a.
759 3583 821 3652 358,
840 3582 887 3637 vel
905 3580 929 3634 si
947 3580 1117 3651 Polyphron
1136 3579 1244 3650 aliquar

143 3691 201 3726 una
219 3690 285 3727 cum
303 3673 448 3743 Polydoro
467 3673 609 3745 regnavit,
628 3692 652 3728 a.
672 3675 724 3728 357
743 3677 875 3728 mortuus
894 3676 945 3725 est.

250 3763 279 3830 2)
307 3764 345 3817 Η.
356 3762 499 3836 Sauppius
508 3782 601 3837 nuper
610 3764 734 3819 alterum
743 3763 809 3818 libri
822 3761 936 3834 septimi
947 3765 1041 3832 caput,
1052 3778 1108 3830 quo
1118 3759 1244 3814 Phliasit

144 3870 190 3907 166
209 3871 234 3906 6.
248 3854 389 3908 369-367
402 3860 500 3926 gestas
511 3855 676 3926 Xenophon
694 3859 802 3922 narrat,
822 3852 1030 3925 digressionem
1048 3867 1110 3904 esse
1128 3848 1224 3921 priore
1243 3869 1244 3873 ¹

144 3960 213 4014 pore
244 3944 433 4015 compositam
464 3950 493 3998 et
522 3943 596 3998 libro
628 3945 759 4009 confecto
787 3944 925 3999 insertam
956 3940 1104 3997 contendit
1130 3937 1243 4009 (Goetti

144 4032 250 4088 Nachr.
270 4033 340 4087 1882
358 4053 385 4106 p.
399 4036 451 4089 297
464 4032 545 4107 sqq.).
574 4036 658 4103 Quod
676 4041 709 4089 ut
727 4034 869 4106 probaret,
889 4051 953 4088 eam
971 4050 1060 4086 unam
1078 4028 1222 4083 rationem
1241 4049 1244 4080 1

144 4124 187 4194 111,
208 4123 284 4195 quod
301 4124 444 4195 particula
461 4129 565 4195 μέντοι,
595 4145 683 4196 quam
705 4125 736 4179 in
761 4123 904 4195 prioribus
916 4119 1069 4189 'Historiae
1087 4119 1217 4173 Graecae
1236 4118 1246 4171 l

145 4231 271 4286 perraro,
289 4213 496 4286 posterioribus
509 4216 601 4270 multo
615 4214 741 4270 crebrius
756 4213 815 4285 legi
825 4219 903 4270 recte
915 4208 1129 4276 animadvertit,
1149 4207 1205 4262 hoc
1224 4225 1244 4262 61

146 4304 235 4358 semel
254 4303 339 4359 modo
358 4304 465 4376 legitur
484 4305 554 4373 (VH
571 4307 597 4375 2,
615 4303 661 4375 4.).
690 4303 745 4358 Sed
763 4302 834 4359 fieri·
844 4321 904 4358 non
922 4306 1025 4374 potest,
1045 4304 1078 4354 ut
1097 4316 1155 4352 una
1173 4301 1244 4370 part:

146 4393 184 4446 ad
202 4394 385 4466 singulorum
404 4395 531 4468 capitum
551 4399 676 4450 aetatem
696 4392 927 4449 constituendam
946 4396 1073 4458 utamur,
1100 4406 1165 4442 cam
1183 4404 1244 4459 saep
