2880 4852
590 266 841 333 *62*

145 444 283 532 Ephoro
304 469 385 510 usus
410 453 476 530 est,
502 446 561 530 qui
584 446 622 510 in
647 447 730 532 Cyri
754 446 949 532 expditione
973 467 1106 531 quoque
1131 426 1316 510 enarranda

146 553 397 638 Sophaenetum
430 541 598 636 sequitur,
626 576 696 618 non
720 553 992 638 Xenophontem.
1039 553 1161 637 Itaque
1184 552 1318 616 illorum

146 661 317 724 sententia
333 683 352 724 a
368 660 721 726 Buechsenschuetzio
738 660 868 741 (Jahrb.
886 659 910 724 f.
923 660 1046 725 Philol.
1066 665 1089 724 t.
1106 659 1168 723 103
1184 681 1218 744 p.
1232 659 1318 743 217),

111 784 113 789 ’
142 766 405 832 Breitenbaohio
442 768 542 848 (Mus.
580 767 645 831 Rh.
681 768 817 832 XXVH
851 767 944 851 497),
986 765 1222 832 Vollbreohtio
1258 766 1320 846 (De

144 874 386 970 Xenophontis
409 874 598 939 Helleniois
633 874 671 938 in
699 875 872 960 epitomen
894 863 964 939 non
987 873 1123 939 coactis.
1158 873 1320 938 Hannov.

144 972 245 1059 1874)
269 988 360 1046 recte
384 981 574 1067 improbata
597 988 699 1065 atque
727 981 810 1046 satis
837 980 984 1045 refutata
1012 987 1072 1045 est.
1133 979 1201 1056 Qui
1236 1001 1323 1064 quae

145 1088 387 1173 disseruerunt,
422 1088 466 1152 iis
501 1087 694 1152 addendum
729 1095 795 1172 est,
832 1088 921 1172 quod
956 1110 1015 1152 our
1049 1088 1179 1173 primae
1214 1087 1327 1172 partis

145 1196 326 1260 consilium
349 1218 387 1259 ac
409 1195 497 1259 ratio
520 1217 591 1260 non
613 1195 726 1259 minus
751 1218 852 1280 quam
867 1217 975 1279 genus
1000 1193 1138 1258 dicendi
1161 1199 1197 1257 et
1216 1194 1326 1279 parti—

145 1303 296 1367 cularum
319 1302 536 1388 potissimum
570 1325 651 1367 usus
687 1325 706 1366 a
741 1303 862 1367 ceteris
898 1302 995 1366 libris
1031 1300 1114 1366 adeo
1148 1303 1320 1389 recedant,

146 1409 306 1495 explicari
329 1431 398 1474 non
421 1417 549 1494 posset,
580 1410 703 1473 sinon
733 1409 841 1495 ipsius
864 1408 1103 1494 Xenophontis
1127 1410 1318 1476 Historiam

144 1539 214 1581 non
237 1517 398 1580 continuo
423 1516 653 1602 compositam,
678 1516 737 1580 sed
761 1517 933 1601 epitomen
957 1538 998 1579 ex
1022 1538 1060 1579 ea
1076 1515 1204 1580 factam
1219 1517 1314 1582 habe·

144 1625 267 1687 remus.
314 1621 427 1707 Atque
451 1621 605 1715 Agesilai
629 1644 761 1707 quoque
786 1629 957 1687 auctorem
981 1622 1128 1708 epitome
1153 1623 1228 1708 illa,
1253 1646 1313 1688 non

144 1730 333 1794 Hellenicis
349 1752 448 1794 usum
472 1752 545 1793 esse
569 1736 749 1815 oporteret,
774 1730 832 1814 qui
856 1729 1064 1794 adverbum
1087 1732 1312 1816 saepeHelle-

144 1837 223 1901 nica
247 1836 360 1922 qualia
382 1859 444 1901 nos
478 1834 638 1921 legimuS,
675 1836 867 1923 descripsit,
903 1859 969 1920 qua
1003 1859 1102 1901 causa
1126 1838 1311 1923 Grosserm‚
1338 1924 1341 1929 ¹

107 1938 112 1943 ’
144 1950 183 2009 ut
205 1942 405 2028 Agesilaum
429 1965 560 2028 quoque
595 1944 632 2007 in
667 1944 838 2030 epitomen
874 1949 1027 2008 coactum
1062 1944 1206 2029 diceret,
1231 1968 1312 2010 com·

144 2057 256 2116 motus
281 2057 332 2114 est
355 2047 488 2134 (Jahrb.
513 2051 537 2115 f.
561 2051 684 2115 Philol.
710 2052 752 2115 93
776 2074 809 2137 p.
824 2050 911 2130 721).

462 2224 484 2314 5
509 2227 552 2295 16.
601 2228 643 2296 Be
667 2199 859 2319 Anabaseos
878 2229 1006 2296 aetate

250 2363 349 2428 Nunc
373 2362 415 2426 de
439 2369 600 2448 tempore,
625 2385 690 2448 quo
714 2362 883 2427 Anabasis
907 2363 1093 2448 composita
1117 2364 1177 2446 sit,
1205 2364 1314 2429 dicen·

145 2471 226 2536 dum
250 2477 311 2553 est,
337 2492 402 2555 qua
426 2470 468 2534 de
490 2493 527 2534 16
550 2470 696 2534 multum
719 2470 810 2534 inter
834 2492 869 2534 se
892 2470 1047 2534 homines
1072 2470 1165 2535 docti
1189 2470 1315 2535 dissen-

110 2608 111 2612 ¹
145 2577 246 2642 tiunt.
295 2577 446 2653 Quorum
481 2577 693 2642 Boeckhium
728 2577 865 2662 quidem
900 2577 1076 2657 (Simultas
1100 2600 1132 2663 p.
1147 2576 1226 2662 126),
1262 2578 1317 2662 qui

144 2685 244 2770 paulo
273 2690 350 2770 post
374 2684 462 2769 Cyri:
491 2684 745 2770 expeditionem
773 2683 960 2749 Anabasim
984 2685 1212 2770 conscriptam
1247 2707 1316 2756 esse

145 2792 274 2876 statuit,
298 2798 389 2855 recte
405 2792 603 2876 Kruegerus
624 2791 831 2877 improbavit
848 2790 1049 2872 (Authentia
1072 2813 1104 2876 p.
1121 2792 1144 2854 4
1159 2787 1219 2876 1.),
1243 2814 1316 2857 cum

145 2905 180 2962 et
205 2899 340 2963 Ctesias
363 2898 488 2963 librum
511 2898 704 2984 Xenophon
728 2897 844 2964 laudet
867 2896 990 2982 (Anab.
1015 2899 1033 2961 Ι
1059 2898 1089 2981 5,
1115 2895 1172 2981 28)
1197 2905 1233 2962 et
1254 2900 1315 2963 La-

145 3005 380 3070 cedaemonios
427 3006 494 3069 iam
539 3029 609 3071 non
648 3006 809 3071 Graeciae
848 3005 1029 3090 imperium
1072 3012 1189 3069 tenere
1229 3004 1316 3070 dicat

145 3112 266 3193 (Anab.
284 3113 334 3178 Vl
348 3113 380 3197 4,
397 3113 432 3176 9:
457 3095 554 3197 ἦρχον
577 3107 613 3173 δὲ
636 3105 725 3173 τότε
748 3103 884 3172 ruderum
904 3101 1064 3196 Ἑλλήνων
1089 3104 1118 3172 oi
1144 3109 1314 3174 Λακεδαι-

143 3211 277 3298 μόνιοι).
324 3221 442 3303 Neque
473 3221 581 3305 magis
614 3227 653 3284 ut
676 3220 864 3304 Bergkium
887 3217 1087 3304 (Enoyolop.
1124 3221 1192 3284 s.I
1228 3226 1251 3285 t.
1276 3221 1315 3284 81

144 3349 176 3412 p.
200 3327 278 3406 390)
302 3326 576 3411 Sieversiumque
601 3328 671 3408 (Gr.
690 3327 812 3392 Gesch.
838 3333 900 3390 eto.
925 3349 957 3412 p.
974 3327 1027 3410 42,
1053 3347 1087 3391 n.
1104 3325 1137 3406 8)
1163 3328 1223 3411 qui
1248 3350 1317 3392 eam

145 3434 232 3498 circa
255 3434 349 3518 pacis
364 3433 595 3498 'Antalcideae
635 3442 770 3520 tempus
800 3433 960 3518 scriptam
995 3455 1067 3497 esse
1103 3441 1317 3520 censuerunt,

145 3539 338 3629 refellamus
362 3562 445 3626 opus
470 3548 531 3624 est,
568 3564 644 3604 oum
666 3541 824 3625 Gryllum
839 3539 1093 3624 Diodorumque
1116 3541 1319 3608 vicesimum

147 3646 218 3711 fere
243 3669 369 3711 annum
393 3648 514 3733 egisse,
539 3670 616 3711 oum
639 3647 780 3712 tertium
804 3647 917 3732 quinti
939 3647 1020 3712 libri
1052 3653 1155 3733 caput
1183 3671 1317 3736 compo·

144 3761 295 3838 neretur,
341 3760 502 3840 appareat
547 3751 621 3838 (cfr.
656 3777 688 3840 p.
714 3754 779 3833 25).
828 3754 995 3845 Accedit,
1031 3753 1120 3839 quod
1154 3747 1317 3822 anniuer-

147 3862 230 3925 sarii
253 3861 306 3924 illi
341 3861 414 3925 dies
448 3861 530 3925 festi
563 3884 633 3926 non
668 3862 762 3947 prius
797 3884 897 3946 quam
921 3885 949 3927 a.
975 3862 1040 3925 383
1069 3862 1223 3926 instituti
1248 3886 1324 3930 esso

145 3967 318 4033 videntur.
356 3969 444 4032 Nam
468 3969 698 4054 Megabyzum
720 3991 789 4033 non
813 3991 874 4054 per
896 3967 979 4032 belli
1001 3976 1135 4053 tempus
1159 3969 1326 4058 Olympia

146 4081 376 4162 spectaturum
400 4097 441 4138 ex
464 4075 548 4139 Asia
572 4076 609 4139 in
633 4076 810 4140 Graeciam
832 4076 977 4159 venisse,
1007 4074 1067 4139 sed
1090 4098 1118 4140 a.
1144 4076 1224 4161 384,
1257 4101 1326 4164 qno

33 4216 36 4225 ·
144 4182 255 4270 prima
288 4189 365 4268 post
403 4205 521 4268 paoem
561 4183 684 4247 initam
717 4183 893 4268 primaque
931 4189 1112 4269 postquam
1152 4178 1328 4254 Scillunte

38 4350 42 4357 ,
145 4288 336 4374 Xenophon
365 4289 520 4354 consedit
543 4290 702 4375 Olympia
725 4296 800 4354 acta
822 4296 912 4374 sunt,
935 4296 1027 4355 recte
1042 4290 1222 4356 Nitschius
1248 4294 1327 4375 (1.1.

146 4420 178 4485 p.
202 4394 260 4480 48)
284 4398 425 4463 monuit.
473 4399 613 4463 Grotius
642 4407 758 4462 contra
782 4396 840 4481 (H.
866 4420 895 4462 0.
921 4398 980 4462 Gr.
1004 4398 1055 4462 IX
1083 4395 1163 4482 245)
1192 4399 1329 4469 Schen-
