2880 4852
35 1392 40 1398 ·
77 1317 178 1418 111166
205 1351 303 1417 nobis
325 1350 367 1415 de
387 1351 561 1436 scriptoris
578 1350 720 1415 alicuius
740 1350 813 1415 vita
829 1346 1002 1435 disphtare
1018 1349 1249 1436 aggredienti-

77 1459 140 1524 bus
157 1465 269 1544 partes
291 1458 498 1543 quaestionis
515 1457 723 1523 obferuntur.
759 1457 913 1520 Primum
929 1457 1021 1521 enim
1037 1479 1084 1541 ea,
1110 1479 1195 1541 quae
1217 1461 1251 1520 61

78 1566 137 1630 6111
154 1566 334 1651 scriptores
351 1570 385 1628 et
401 1565 473 1650 ipse
490 1565 548 1630 ille
569 1565 688 1630 desua
708 1569 818 1629 aetate
836 1569 870 1628 61
892 1565 992 1628 rebus
1015 1563 1122 1649 gestis
1145 1563 1250 1628 tradi-

55 1672 177 1756 derit,
203 1671 393 1756 colligenda
421 1677 522 1757 atque
550 1672 641 1736 inter
668 1694 703 1735 se
728 1671 952 1758 comparanda
975 1677 1070 1755 sunt,
1105 1676 1179 1734 tum
1213 1671 1251 1735 in

77 1786 240 1865 tempora,
265 1778 387 1864 quibus
409 1778 513 1845 libros
539 1779 772 1864 composuerit,
798 1778 1040 1863 inquirendum
1064 1784 1125 1842 est.
1162 1778 1250 1842 Nam

79 1887 109 1952 61
125 1887 231 1951 611616
245 1886 303 1951 via
319 1909 358 1951 eo
375 1908 440 1971 quo
464 1888 620 1951 volumus
644 1885 823 1972 pervenire
846 1907 916 1949 non
931 1907 1121 1970 possumus,
1145 1886 1251 1950 altera

79 2016 179 2079 saepe
196 2015 234 2058 eo
251 1992 459 2058 deducimur.
493 1993 717 2070 Quamobrem
733 2014 796 2077 ego
813 1993 944 2078 quoqde
961 1991 1002 2056 de
1018 1991 1251 2078 Xenophonte

79 2100 286 2165 Atheniensi
307 2099 512 2165 disserturus
532 2101 623 2165 hunc
644 2100 797 2164 ordinem
823 2121 954 2184 sequar.
1000 2098 1115 2186 Atque
1142 2101 1252 2185 prima

79 2207 188 2272 libelli
225 2207 293 2270 mei
326 2214 423 2292 parte
462 2231 551 2274 nova
590 2206 726 2292 quidem
772 2228 879 2291 pauca
921 2230 940 2271 a
981 2229 1035 2271 me
1079 2207 1251 2293 explorata

81 2337 155 2378 esse
177 2321 277 2378 nemo
301 2315 493 2400 mirabitur,
519 2315 577 2400 qui
601 2320 682 2399 quot
711 2313 866 2378 homines
896 2313 988 2378 docti
1023 2314 1091 2378 iam
1125 2315 1162 2379 in
1196 2314 1250 2379 his

82 2419 336 2506 quaestionibus
376 2421 548 2486 solvendis
588 2421 850 2503 elaboraverint,
891 2420 1099 2503 meminerit;
1138 2421 1253 2507 itaque
1346 2423 1349 2427 ’

83 2527 274 2613 colligenda
296 2528 405 2613 magis
429 2528 576 2613 fuerunt,
603 2551 687 2613 (11166
711 2527 855 2592 (11616616
876 2527 1041 2612 iacebant,
1062 2527 1251 2612 refutanda,

83 2657 167 2719 quae
190 2657 311 2720 parum
334 2636 554 2721 probabiliter
577 2636 753 2721 disputata
777 2657 849 2699 6666
872 2634 1087 2699 videbantur.
1133 2634 1253 2699 Altera

82 2764 163 2806 vero
178 2749 274 2828 parte
299 2740 340 2805 (16
362 2742 524 2807 librorum
540 2742 748 2830 temporibus
765 2741 997 2828 disputaturus
1014 2764 1090 2806 oum
1105 2741 1254 2828 vestigia

83 2850 205 2913 aetatis
229 2849 338 2913 adhuc
362 2849 523 2935 indagata
547 2850 702 2925 sufficere
731 2871 800 2914 non
828 2848 1042 2934 viderentur,
1078 2849 1121 2913 ad
1155 2872 1254 2934 argu·

84 2962 200 3021 menta
233 2979 275 3020 ex
298 2979 422 3042 genere
447 2956 585 3021 dicendi
608 2956 709 3021 ducta
738 2955 1004 3039 confugiendum
1028 2978 1101 3020 6666
1125 2956 1252 3021 censui.

86 3063 195 3139 Quam
217 3064 309 3128 viam
334 3085 410 3127 cum
433 3065 716 3148 Dittenbergerus
739 3062 956 3128 laudabiliter
989 3063 1122 3147 inierit,
1158 3063 1256 3128 illum

85 3171 184 3255 sequi
208 3170 347 3254 eiusque
371 3171 576 3235 sententiam
600 3171 792 3235 examinare
815 3170 904 3234 malo
928 3192 1029 3254 quam
1052 3170 1254 3256 1611611116-

84 3285 186 3362 taque
221 3284 397 3363 temptare.
446 3277 556 3353 Quare
592 3302 668 3343 oum
702 3277 760 3343 ille
796 3276 837 3340 (16
864 3277 1031 3362 particula
1057 3269 1122 3362 μήν
1157 3278 1255 3343 (16616

86 3391 272 3468 arguteque
294 3385 412 3469 egerit,
436 3385 576 3470 reliquis
598 3407 682 3470 (11166
705 3389 785 3458 sunt
806 3385 844 3448 in
859 3385 1101 3471 Xenophontis
1119 3385 1255 3471 scriptis

87 3491 264 3577 particulis
282 3492 440 3575 collectiS,
465 3515 617 3557 necnon
639 3492 759 3556 ceteris
781 3493 902 3556 aetatis
922 3492 1127 3556 testimoniis
1150 3498 1256 3556 retra-

88 3599 189 3662 ctatis
213 3605 314 3683 atque
343 3599 506 3684 61616616,
531 3599 653 3683 quibus
677 3598 885 3684 temporibus
910 3599 1037 3684 singuli
1063 3599 1143 3664 libri
1167 3621 1257 3663 6611-

86 3705 190 3790 positi
213 3705 403 3791 videantur,
428 3706 634 3770 constituere
658 3706 812 3771 conabor.
846 3705 1018 3771 Confiteor
1040 3711 1163 3789 autem,
1188 3728 1258 3783 161

88 3811 201 3874 omnia
229 3811 338 3877 adhuc
366 3813 415 3877 ita
442 3818 610 3897 constare,
648 3822 686 3878 ut
713 3813 808 3894 nulla
836 3812 1004 3878 dubitatio
1031 3812 1256 3898 relinquatur;

87 3924 203 3981 tamen
225 3918 317 3983 hunc
340 3919 493 3984 libellum
516 3942 586 3984 11611
608 3922 709 4005 plane
725 3920 911 3983 immunem
928 3926 1029 4005 atque
1046 3919 1259 4005 asymbolum
1373 3983 1375 3986 1

88 4023 132 4088 ad
155 4025 265 4109 largas
288 4025 479 4091 litterarum
502 4026 605 4113 dapes
629 4048 841 4092 accessurum
866 4049 938 4090 6666
962 4049 1070 4112 spero.

198 4132 290 4209 Quae
325 4133 366 4198 ab
402 4133 599 4198 hominibus
635 4134 743 4199 doctis
780 4133 821 4198 de
855 4157 892 4198 re
926 4133 1101 4220 proposita
1130 4133 1259 4219 publici

89 4239 173 4303 iuris
208 4237 298 4304 facta
334 4246 427 4325 sunt,
463 4241 507 4305 iis
542 4248 706 4326 quantum
736 4241 833 4328 potui
866 4239 1022 4306 omnibus
1057 4241 1260 4327 colligendis

89 4368 226 4432 operam
251 4346 339 4411 dedi.
383 4346 494 4412 Tanta
516 4355 631 4412 tamen
653 4348 846 4413 libellorum
870 4348 1261 4434 commentationumque

1050 4455 1064 4506 l
