2880 4852
612 194 830 258 ..91-

129 395 211 437 cum
234 379 306 438 tam
328 370 426 438 brevi
449 378 600 459 tempore
624 395 694 437 non
716 373 775 437 ille
798 372 909 458 perire
933 373 1084 457 alterque
1108 371 1188 436 addi
1208 377 1306 458 potu-

131 479 208 564 erit.
244 479 361 565 Atque
384 478 525 545 fulcitur
549 480 702 566 epilogus
727 503 766 544 ea
781 503 828 564 re,
852 479 942 565 quod
957 479 1153 567 Xenophon
1174 479 1306 544 similli-

131 610 227 652 mum
240 587 358 653 libello
370 586 412 653 de
428 587 774 653 Lacedaemoniorum
787 588 961 674 republica
977 594 1079 674 caput
1102 587 1190 652 XIV
1212 586 1305 651 addi·

133 693 195 780 dit,
219 717 287 780 quo
311 696 480 760 contraria
504 695 656 781 disputat
679 718 717 760 11
740 718 801 781 per
824 701 935 760 totum
958 696 1092 778 librum,
1119 700 1153 758 et
1181 694 1305 778 omnia,

135 824 358 887 quaecunque
381 803 452 866 illio
477 802 671 888 descripsit,
705 802 855 867 obsoleta
884 802 968 866 dicit
991 809 1091 887 atque
1114 801 1306 888 praeterita.

132 909 255 994 Itaque
278 909 436 995 equidem
458 932 528 974 non
552 909 679 993 dubit0,
717 909 800 994 quin
835 915 950 974 noster
973 909 1128 995 epilogus
1152 910 1307 974 aXeno-

133 1016 263 1103 phonte
287 1017 433 1103 scriptus
458 1023 492 1081 et
516 1017 728 1103 Oyropaedia
751 1022 828 1102 post
850 1040 878 1081 a.
905 1017 971 1081 364
995 1015 1149 1081 confecta
1173 1016 1228 1080 sit.

402 1172 425 1262 Β
449 1176 504 1244 23.
552 1177 594 1244 111
619 1176 721 1245 1111111
745 1175 783 1243 de
807 1175 1030 1261 vectigalibus.

242 1302 413 1387 Sequitur,
437 1308 475 1367 ut
499 1302 541 1366 de
565 1302 631 1366 lbri
655 1302 714 1387 qui
736 1293 845 1384 Πόροι
869 1302 1076 1385 inscribitur,
1101 1308 1252 1388 tempore
1273 1308 1308 1366 11

133 1409 337 1474 auctoritate
362 1409 575 1474 disseramus
624 1409 732 1487 Quem
755 1410 932 1474 Weiskius
956 1409 1037 1474 olim
1060 1433 1088 1474 a.
1113 1410 1180 1473 424
1204 1409 1307 1493 scrip-

131 1522 206 1581 tum
232 1539 306 1581 esse
330 1518 472 1601 censuit,
499 1517 558 1581 sed
573 1517 656 1581 haec
673 1517 845 1581 sententia
860 1540 928 1581 una
945 1518 1095 1580 sectione
1111 1517 1153 1580 25
1171 1539 1241 1601 cap.
1259 1517 1309 1581 IV

131 1625 217 1689 satis
252 1623 435 1707 refutatur,
472 1647 538 1709 qua
572 1623 699 1689 bellum
726 1624 914 1688 Decelense
943 1625 1038 1688 velut
1066 1624 1206 1708 longum
1229 1629 1308 1688 ante

128 1738 269 1818 tempus
293 1736 428 1817 gestum
452 1731 497 1795 sit
521 1736 809 1795 commemoratur.
857 1730 1051 1794 Boeclrhius
1076 1753 1156 1795 vero
1179 1731 1308 1816 primus

128 1839 289 1904 libellum
323 1839 470 1925 tempori
503 1844 581 1924 post
610 1838 738 1902 bellum
767 1838 891 1902 sociale
920 1837 1113 1902 confectum
1152 1837 1309 1902 attribuit

101 1970 104 1976 ’
130 1945 366 2026 (Staatshshlt.
391 1941 434 2009 12
458 1946 499 2009 77
503 1946 522 2008 7
543 1940 594 2027 1.).
632 1945 747 2011 Socios
777 1946 869 2009 enim
893 1944 935 2010 ab
958 1944 1228 2009 Atheniensibus
1252 1945 1308 2008 de·
1396 1933 1399 1939 ⁴

131 2053 257 2117 fecisse
280 2052 450 2137 quondam
479 2053 622 2138 scriptor
651 2051 736 2117 dicit
758 2053 826 2117 Vs
851 2089 892 2096 -
917 2053 953 2116 id
982 2052 1072 2138 quod
1098 2053 1187 2116 bello
1210 2052 1309 2116 Pelo-

132 2160 340 2246 ponnesiaco
375 2159 503 2223 factum
539 2166 602 2243 est,
639 2197 680 2204 —
720 2159 844 2223 deinde
867 2167 1082 2246 recuperatos
1118 2182 1190 2224 1111
1225 2159 1309 2245 ipsis

134 2267 367 2353 principatum
392 2265 624 2331 obferentibus
648 2267 716 2332 Vb'
747 2304 788 2311 —
817 2266 863 2351 id,
889 2266 1029 2352 quoda.
1054 2268 1119 2331 378
1143 2266 1308 2351 fecerunt,

135 2397 213 2439 curn
237 2376 343 2439 altera
367 2373 618 2438 confoederatio
642 2375 792 2438 civatum
816 2375 1064 2439 maritimarum
1087 2373 1240 2456 iniretur,
1267 2411 1308 2418 —

136 2481 284 2566 denique
308 2482 432 2546 iterum
456 2482 597 2545 amissos
622 2504 695 2545 esse
718 2483 793 2546 Vs
823 2518 864 2526 -
894 2481 944 2565 id,
970 2481 1059 2566 quod
1081 2481 1170 2545 bello
1194 2481 1310 2546 sociali

136 2613 165 2654 a.
191 2589 367 2653 357-355
391 2596 488 2674 gesto
512 2589 646 2653 accidit.
683 2589 769 2653 Cum
785 2611 866 2653 vero
888 2589 1023 2653 libellus
1039 2587 1309 2653 Atheniensibus

136 2719 255 2783 pacem
290 2696 472 2782 agentibus
501 2696 706 2781 compositus
735 2696 780 2760 sit
815 2697 877 2775 (IV
899 2697 952 2761 40.
978 2697 1010 2760 V
1035 2697 1085 2759 12.
1114 2696 1166 2759 IV
1188 2697 1219 2760 4.
1243 2696 1309 2781 43),

140 2802 200 2867 sed
222 2801 320 2867 brevi
343 2809 494 2889 tempore
517 2809 695 2888 postquam
718 2803 846 2867 bellum
870 2810 960 2867 11111
988 2802 1195 2885 confectum,
1231 2802 1310 2887 quia

138 2916 254 2974 auctor
278 2901 334 2969 τὸν
358 2909 411 2969 νῦν
433 2901 581 2987 πόλεμον
603 2909 754 2994 loquitur
776 2910 827 2974 IV
849 2911 902 2993 40,
927 2910 1121 2974 Boeckhius
1143 2931 1220 2973 eum
1236 2909 1310 2994 ipso

137 3041 166 3081 1.
190 3018 255 3081 355
279 3017 394 3104 paullo
417 3024 494 3103 post
516 3017 644 3081 bellum
668 3017 789 3081 sociale
813 3023 1022 3081 transactum
1046 3017 1211 3102 scriptum
1236 3038 1310 3080 1111

138 3125 280 3189 censuit.
329 3124 438 3201 Quam
462 3124 667 3188 sententiam
681 3129 805 3188 nostra
828 3130 939 3188 aetate
962 3124 1102 3211 plurimi
1126 3123 1193 3186 viri
1217 3122 1309 3188 docti

138 3238 334 3317 sequuntur.
344 3226 369 3315 1)
427 3232 556 3296 Contra
590 3232 633 3295 H.
669 3232 847 3317 Hagenius
884 3231 964 3311 (Eos
999 3231 1035 3294 H
1074 3228 1150 3313 149)
1185 3230 1311 3296 librum
1431 3305 1433 3309 ,

134 3339 226 3405 bello
263 3361 356 3404 sacro
392 3337 546 3404 confecto
579 3344 729 3402 extremo
758 3360 873 3402 mense
902 3337 1161 3423 Seirophorione
1190 3360 1218 3402 1.
1244 3338 1309 3401 346

136 3446 362 3533 compositum
387 3453 421 3510 et
444 3470 463 3510 a
485 3445 715 3532 Xenophonte
739 3446 888 3509 alienum
912 3468 984 3509 esse
1009 3445 1151 3509 censuit.
1200 3443 1309 3520 Quem

136 3576 343 3639 quamquam
358 3553 592 3617 Bechhausius
609 3559 744 3617 secutus
768 3559 829 3637 est,
854 3553 914 3637 qui
928 3553 1019 3617 hunc
1037 3574 1170 3636 quoque
1186 3550 1310 3615 librum

135 3661 363 3748 Xenophonti
378 3683 446 3725 suo
470 3660 596 3724 minori
618 3659 754 3742 tribuit,
780 3666 895 3724 tamen
918 3660 1012 3724 illam
1036 3659 1244 3723 sententiam
1267 3658 1311 3723 iis

137 3790 225 3853 quac
249 3767 466 3852 Gleinigerus
490 3766 762 3851 Zurborgiusque
791 3766 1067 3854 disputaverunt,
1104 3767 1186 3831 satis
1220 3763 1311 3830 refu·

134 3881 245 3939 tatam
269 3897 341 3939 esse
364 3879 529 3960 putarem,
553 3873 622 3937 nisi
645 3896 752 3960 nuper
771 3872 1006 3960 Holzapfelius
1031 3873 1228 3957 exstitisset,
1254 3872 1312 3957 qui

134 4001 352 4008 ——-—.—......

247 4085 274 4154 1)
311 4087 445 4157 Krueger
463 4084 543 4139 Stud.
563 4084 666 4139 11283.
693 4084 849 4140 Schneider
867 4085 903 4139 cd
921 4084 963 4138 VI
982 4085 1042 4138 155.
1070 4085 1175 4155 Bergk.
1194 4083 1312 4153 Encyol.

134 4177 216 4245 181,
235 4177 296 4230 300.
327 4174 416 4231 Cobet
434 4176 508 4230 Nov.
528 4174 606 4228 Lect.
627 4175 680 4228 759
699 4191 758 4245 sqq.
787 4173 1207 4229 SchaeferDemosth.1170.
1237 4172 1312 4226 0111-

135 4264 230 4335 niger,
249 4265 293 4318 De
310 4263 514 4335 Xenophontis
533 4263 629 4317 libello
648 4262 698 4333 qui
717 4256 807 4333 Ildpor
827 4263 942 4317 inscrib.
970 4262 1111 4333 Zurborg,
1129 4263 1204 4317 Xen.
1217 4261 1265 4317 lib.
1285 4279 1311 4332 q.

136 4347 230 4424 111111
249 4353 334 4408 inscr.
355 4352 480 4422 Cortice,
499 4350 567 4408 ΠΙ5
585 4353 647 4406 806.
