2880 4852
611 231 826 298 „23-

130 434 172 476 ex
187 411 348 498 periculis
365 411 534 496 evaderet,
559 412 626 498 ipsi
649 411 816 496 redderet,
842 411 872 476 si
895 411 1062 498 periisset,
1087 410 1217 476 Dianae
1233 410 1303 476 iam

130 518 257 584 donum
284 519 411 584 faceret
434 518 555 599 (Anah.
580 521 613 585 V
637 519 666 603 3,
691 516 746 602 6.).
783 520 902 604 Neque
926 541 1002 583 cum
1019 518 1135 583 exilia
1158 517 1303 605 pecunia

129 631 207 712 post
231 649 259 691 a.
285 626 351 691 384
374 627 533 691 sacellum
557 625 778 710 aedificasset,
804 627 952 692 Graecos
976 624 1104 690 milites
1132 625 1198 690 hoc
1221 624 1304 690 deae

110 733 305 798 dedicasse
329 733 367 798 in
391 757 429 798 ea
452 733 675 820 inscriptione
699 757 800 818 quam
819 733 894 820 ipse
915 732 1013 798 nobis
1036 732 1188 818 tradidit,
1213 754 1302 798 com-

128 841 332 905 memorarit
354 840 432 920 (An.
457 842 490 906 V
513 842 544 925 3,
571 841 611 904 13
636 839 695 906 cfr.
720 842 753 906 V
776 841 806 925 3,
832 839 886 919 5).

287 1009 290 1011 »
367 960 389 1050 ξ
413 964 445 1032 5.
494 964 536 1032 [le
560 963 777 1049 Xenophontis
802 978 902 1032 uxore
927 964 960 1031 et
984 961 1068 1032 orus.

239 1071 441 1138 Scilluntem
479 1072 675 1158 Xenophon
718 1090 850 1136 secum
873 1071 990 1137 nescio
1007 1064 1010 1080 '
1029 1094 1130 1168 quam
1168 1071 1304 1136 mulier-

135 1180 247 1245 culam
281 1178 388 1263 duxit,
417 1179 472 1244 cui
503 1201 627 1244 nomen
657 1179 829 1244 Philesiae
864 1184 936 1243 erat
970 1175 1084 1264 (Diog.
1108 1179 1210 1243 1152
1233 1180 1304 1243 lau-

130 1287 211 1351 dato
249 1285 446 1365 Demetrio).
507 1285 616 1363 Quam
656 1309 721 1371 quo
761 1287 835 1350 iure
873 1286 1090 1351 Ruestowius
1129 1286 1306 1372 pulchram

129 1392 294 1457 feminam
328 1416 370 1456 ex
403 1393 500 1458 Ionia
533 1398 649 1457 natam
685 1392 776 1458 dieat
810 1389 1306 1479 (Mflit.B10gr.1211)n0n

130 1499 244 1564 minus
276 1501 395 1584 ignoro
405 1495 441 1584 1),
489 1522 589 1585 quam
629 1521 687 1564 cur
723 1500 1009 1566 Wilamowitzius
1045 1522 1119 1564 eam
1157 1499 1305 1565 Athenis

130 1607 311 1672 oriundam
338 1607 444 1671 irrisae
472 1612 543 1671 tam
572 1605 763 1692 praefracte
797 1602 1018 1692 negaverit2),
1054 1629 1132 1671 curn
1160 1606 1202 1671 de
1232 1607 1305 1672 eius

130 1715 264 1799 origine
299 1714 387 1780 nihil
422 1719 563 1779 constet.
621 1715 676 1778 Ex
711 1736 750 1778 ea
791 1715 882 1778 enim
917 1736 969 1798 re,
1010 1713 1099 1799 quod
1133 1714 1306 1799 Diogenes

129 1821 226 1885 illam
256 1813 386 1902 γύναιον
408 1821 559 1906 loquitur
581 1822 603 1885 1.
628 1821 661 1905 l,
696 1821 785 1885 nihil
821 1821 939 1906 colligi
972 1826 1095 1907 potest,
1129 1821 1198 1885 nisi
1224 1820 1306 1886 Phi-

129 1928 250 1993 lesiam
273 1928 413 1993 nonita
441 1928 548 1993 nobili
576 1928 649 1992 loco
677 1935 793 1992 natam
822 1927 941 2011 fuisse;
977 1951 1087 2012 neque
1122 1927 1306 2014 quidquam

132 2036 215 2100 inde
253 2036 461 2122 proficimus,
512 2035 602 2120 quod
644 2033 747 2119 filios,
794 2035 853 2120 qui
895 2035 987 2099 inter
1029 2035 1161 2121 equites
1199 2034 1306 2100 Athe-

129 2144 268 2208 nienses
309 2141 481 2229 stipendia
519 2147 729 2226 meruerunt,
766 2142 803 2206 in
840 2117 1201 2229 civitatcm‘recapcos
1233 2164 1307 2207 esse

130 2256 274 2336 oportet.
320 2251 408 2314 Nam
435 2249 578 2313 Periclis
602 2249 662 2313 illa
684 2244 783 2333 lex3),
820 2272 886 2334 qua
913 2250 972 2335 qui
996 2272 1015 2313 a
1037 2255 1133 2336 patre
1155 2248 1302 2315 Atheni-

130 2357 215 2440 ensi,
238 2356 298 2421 sed
313 2379 355 2420 ex
370 2362 477 2421 matre
490 2354 685 2442 alienigena
698 2356 764 2421 orti
778 2362 900 2441 essent,
919 2357 1058 2421 civitate
1073 2357 1200 2442 privati
1212 2362 1304 2442 sunt,

130 2464 230 2530 brevi
252 2471 404 2550 tempore
428 2444 608 2528 interiecto
624 2464 781 2548 neglecta
806 2485 879 2527 esse
895 2463 1040 2547 videtur,
1063 2464 1188 2550 quippe
1205 2486 1306 2549 quam

132 2595 161 2636 a.
186 2567 290 2654 404)ss
314 2578 348 2636 et
372 2594 400 2636 a.
426 2566 528 2653 mose
551 2570 709 2634 renovari
733 2578 903 2656 oporteret
927 2568 1000 2654 (cfr.
1025 2570 1189 2657 Philippi,
1225 2570 1305 2635 Bei-

132 2685 232 2764 trage
255 2702 283 2743 z.
301 2676 506 2743 Geschiohte
530 2677 561 2742 d.
586 2676 659 2743 Att.
677 2677 806 2742 Rechts
830 2700 862 2764 p.
880 2677 945 2758 33).
978 2679 1138 2742 Fortasse
1153 2677 1307 2743 Philesia

131 2808 202 2849 una
229 2807 271 2849 ex
299 2785 368 2850 illis
392 2785 530 2850 feminis
559 2784 642 2869 fuit,
677 2807 762 2869 quae
794 2784 950 2850 fortunae
985 2807 1021 2849 se
1054 2784 1306 2850 committentes

136 2893 305 2957 exercitus
334 2900 564 2977 sequerentur,
594 2929 635 2936 -
665 2891 755 2977 quod
784 2892 868 2977 quin
890 2891 1119 2957 Athenienses
1146 2880 1306 2957 mulieres

243 3049 270 3120 1)
305 3051 419 3105 Nomen
438 3049 515 3104 enim
527 3048 656 3103 Philesia
669 3048 745 3119 quod
757 3054 872 3121 praeter
883 3049 1044 3120 Diogenem
1056 3048 1238 3121 Suidamque,
1257 3048 1308 3120 qui

133 3142 276 3204 φιλησιάν
294 3139 440 3209 exhibent,
458 3157 517 3193 non
535 3138 592 3192 nisi
609 3138 709 3194 Ionica
727 3138 821 3192 forma
841 3141 958 3204 Φιλησίη
977 3138 1035 3210 legi
1047 3137 1163 3194 videtur
1175 3138 1305 3206 (Anthol.

132 3245 199 3299 app.
219 3246 262 3299 ep.
282 3229 342 3285 259.
371 3227 401 3281 Ο.
421 3227 444 3283 Ι.
464 3227 497 3282 G.
517 3227 673 3298 1116263),
697 3227 727 3282 id
750 3232 955 3300 argumentum
983 3226 1055 3282 satis
1082 3227 1229 3299 probabile
1248 3246 1307 3283 non

132 3316 277 3372 existimo.

242 3408 270 3474 2)
307 3405 512 3476 Wilamcwitz,
531 3405 670 3477 Antigon.
684 3424 711 3460 v.
725 3406 795 3461 Kar.
814 3427 842 3478 p.
857 3408 922 3461 133:
943 3407 999 3474 „Es
1017 3407 1149 3462 versteht
1166 3406 1229 3461 sich
1247 3425 1307 3462 von

133 3495 235 3566 selbst,
262 3496 329 3550 dass
348 3495 477 3549 Dinarch
495 3495 549 3548 mit
567 3495 729 3549 formellem
747 3495 843 3549 Recht
861 3496 906 3551 die
924 3496 995 3565 Ehe,
1015 3495 1066 3549 der
1084 3494 1229 3550 Diodorus
1247 3495 1307 3549 und

133 3586 255 3656 Gryllus
269 3591 452 3656 entsprossen
465 3584 538 3654 siml,
557 3585 599 3638 als
618 3583 798 3637 Concubinat
812 3584 937 3654 ansieht;
958 3584 1033 3639 denn
1050 3584 1102 3639 das
1119 3583 1193 3638 wird
1208 3583 1308 3639 keiner

133 3675 270 3744 glauben,
298 3673 365 3727 dass
384 3673 435 3727 das
452 3673 546 3742 Weib‚
575 3673 626 3726 das
649 3672 714 3727 dem
733 3673 897 3744 Xenophon
915 3673 1036 3743 Anfang
1054 3673 1104 3727 der
1122 3674 1199 3728 SOer
1216 3673 1308 3728 Jahre

133 3763 181 3818 die
200 3763 297 3817 Sthne
316 3762 441 3833 geboren
460 3763 520 3828 hat,
548 3762 612 3817 eine
630 3756 791 3816 Atheneriri
815 3780 885 3832 war,
914 3760 973 3817 und
996 3762 1163 3818 keinesfalls
1181 3781 1244 3817 war
1262 3762 1308 3818 die

133 3853 197 3907 Ehe
216 3851 247 3906 in
260 3852 358 3906 Athen
376 3849 595 3922 rechtsgiiltig.“
624 3851 765 3922 Equidem
779 3870 871 3923 neque
884 3851 1088 3923 Xenophontis
1101 3871 1167 3906 cum
1181 3852 1309 3907 Philesia

134 3941 374 3997 consuetudinem
402 3940 625 3994 concubinatum
653 3959 670 3995 a
699 3941 846 3995 Dinarcho
876 3940 985 3994 dictam
1013 3958 1074 3996 esse
1101 3940 1187 3997 video
1215 3959 1308 4012 neque

133 4031 211 4086 filios
230 4050 255 4088 a.
275 4032 327 4085 389
345 4030 392 4085 vel
411 4030 463 4083 388
486 4036 571 4083 natos
598 4035 678 4100 puto,
707 4048 801 4100 neque
824 4030 952 4085 Philesia
979 4031 1055 4085 unde
1078 4036 1143 4084 orta
1165 4031 1212 4101 sit,
1240 4031 1308 4100 scio,

133 4138 228 4191 neque
248 4139 298 4174 cur
315 4118 541 4188 matrimonium,
561 4119 637 4189 quod
651 4120 732 4172 exsul
745 4118 809 4190 quis
821 4118 927 4187 inierit,
947 4119 1133 4190 illegitimum
1152 4118 1199 4189 sit,
1218 4119 1307 4174 etiam

134 4228 202 4264 cum
221 4209 269 4263 ille
287 4209 318 4262 in
336 4209 461 4281 patriam
479 4213 632 4262 revocatus
651 4208 697 4277 sit,
716 4207 862 4279 intellego,

244 4297 273 4367 3)
310 4298 450 4352 Periclem
482 4297 576 4367 legem
609 4296 723 4363 tulisse,
755 4315 814 4351 non
847 4298 1028 4369 antiquatam
1053 4297 1214 4352 restituisse
1242 4315 1307 4353 cum

137 4387 242 4442 Grotio
266 4387 314 4456 (H.
339 4386 372 4441 of
392 4385 442 4440 Gr.
461 4385 534 4440 VIII
554 4403 576 4439 c.
597 4383 642 4455 66)
666 4386 786 4457 aliisque
809 4387 873 4454 (cfr.
896 4387 1025 4459 Philippi
1047 4388 1065 4440 1.
1084 4388 1102 4441 l.
1122 4406 1149 4458 p.
1168 4388 1203 4442 28
1222 4406 1242 4442 n
1260 4385 1306 4456 44)
