2880 4852
606 195 836 331 -aa-{ss

128 429 260 514 reliqua
277 424 486 513 Ξενοφῶντος
502 418 638 512 ῥήτορος
654 427 780 513 scripta
796 427 995 512 contineret,
1017 426 1301 513 comprehendere

129 543 232 621 atque
260 536 413 622 singulos
440 535 544 600 libros
573 535 744 600 continuis
767 534 917 599 numeris
942 533 1121 619 designare
1145 539 1302 620 coeptum

130 651 183 708 est
196 643 302 728 (Birt,
317 642 465 708 Antikes
486 642 699 708 Buchwesen
717 665 749 728 p.
763 642 840 706 448.
863 641 986 725 Ruehl,
1001 639 1119 707 Jahrb.
1137 640 1161 707 f.
1177 641 1300 707 Philcl.

128 757 154 816 t.
191 751 263 834 127,
294 751 368 816 736.
416 749 532 836 Steph.
567 750 652 834 Byz.
700 772 725 815 6.
760 772 793 814 v.
823 737 1006 833 Ὄλουρος).
1068 749 1187 833 Itaque
1216 770 1303 813 cum

128 880 256 923 nouem
273 857 528 922 HeHenicorum
550 857 647 922 libris
672 856 874 942 computatis
897 855 1215 942 undequadraginta
1230 856 1302 921 Xe·
1402 837 1403 842 ἵ

128 964 316 1050 nophontis
341 964 467 1050 scripta
490 964 722 1048 exhibeantur,
748 964 821 1028 iure
844 986 904 1029 suo
920 963 1135 1028 Demetrium
1159 970 1193 1028 et
1216 953 1303 1045 πρὸς

130 1062 174 1132 ud
197 1062 436 1153 cccccpdaovru
459 1064 575 1151 βιβλία
604 1072 644 1136 ab
673 1094 712 1136 eo
742 1071 928 1157 composita
952 1093 1025 1136 esse
1049 1077 1083 1135 et
1107 1091 1208 1157 opera
1231 1070 1304 1134 eius

130 1168 191 1239 ὑπ’
217 1166 454 1252 111110νὸ111ος
478 1175 685 1261 διαιρεῖσθαι
707 1178 836 1242 dixisse
860 1184 1011 1265 apparet.
1196 1259 1199 1261 p

242 1285 333 1363 Quos
368 1308 449 1351 vero
477 1286 672 1351 Demetrius
702 1285 945 1371 Xenophontis
972 1286 1077 1351 libros
1102 1307 1303 1350 commemo-

130 1393 233 1478 ravit,
264 1393 291 1457 ii
325 1415 442 1458 omnes
475 1392 613 1479 quidem
640 1399 786 1458 aetatem
811 1394 973 1478 tulerunt,
1009 1393 1161 1459 sednon
1184 1415 1301 1458 omnes

132 1525 153 1566 a
169 1500 398 1587 Xenophonte
415 1501 535 1587 scripti
551 1523 624 1565 esse
641 1500 817 1583 videntum
835 1501 938 1565 immo
953 1500 1219 1570 Atheniensium
1234 1522 1304 1564 166-

131 1609 279 1695 publica,
303 1608 474 1695 Apologia
497 1608 656 1691 Socratis,
679 1608 861 1694 Agesilaus
878 1608 919 1674 ab
937 1630 975 1673 60
991 1609 1103 1673 aliena
1118 1607 1303 1673 iudicandi.

134 1717 246 1794 Quare
273 1716 421 1802 primum
449 1715 490 1780 de
519 1719 629 1780 aetate
658 1698 859 1801 scriptorum
882 1715 1125 1802 Xenophontis
1164 1737 1306 1800 quorum

133 1823 201 1889 duo
228 1823 309 1888 libri
335 1822 491 1888 historici
515 1829 604 1906 sunt,
630 1829 789 1908 quattuor
812 1822 940 1909 dialogi
965 1821 1195 1907 Socratioique
1216 1821 1305 1906 libri,

133 1931 284 2017 quinque
297 1931 457 2016 opuscula
464 1929 632 2015 venatica,
643 1930 975 2017 equestria,politica,
988 1953 1078 1995 unus
1089 1930 1160 1994 eius
1170 1929 1307 2015 generis

133 2038 232 2105 libris
255 2037 463 2122 attribuitur,
491 2059 574 2122 quos
601 2037 711 2102 nostri
741 2036 871 2102 fabulas
905 2039 1139 2102 Romanenses
1173 2043 1307 2123 vocant,

134 2168 340 2232 quamquam
375 2145 620 2210 aGraecarum
655 2143 845 2209 fabularum
878 2145 1148 2210 Romanensium
1182 2135 1307 2231 genere

131 2253 281 2320 nimium
303 2258 467 2338 quantum
496 2251 755 2329 recedit9n0bis
785 2252 976 2338 agendum
989 2251 1113 2317 deinde
1147 2274 1206 2317 cur
1237 2255 1307 2317 tres

131 2362 187 2427 illi
208 2359 291 2426 libri
314 2383 333 2425 a
356 2359 586 2445 Xenophonte
609 2358 827 2423 abiudicandi
850 2381 924 2423 esse
947 2358 1138 2445 videantur,
1169 2359 1308 2424 demon·

131 2467 315 2534 strandum
339 2473 400 2534 est.

136 2683 141 2690 ’
265 2659 343 2750 §A
391 2663 433 2731 Be
458 2660 637 2749 particulae
660 2653 725 2747 μήν
748 2660 830 2748 apud
854 2661 1090 2748 Xenophontem
1116 2679 1186 2731 usu.

245 2790 282 2856 Si
328 2812 393 2875 quo
438 2795 589 2876 tempore
635 2789 787 2874 singulos
831 2786 936 2853 libros
979 2788 1175 2875 Xenophon
1220 2811 1309 2854 com-

132 2898 301 2987 posuerit,
331 2897 536 2983 quaerimus,
567 2896 652 2961 duae
676 2903 756 2961 sunt
778 2895 856 2960 riae
880 2918 918 2960 ac
940 2895 1102 2980 rationes,
1128 2895 1250 2980 quibus
1272 2895 1310 2960 in

134 3006 199 3072 tali
222 3029 258 3071 16
281 3005 333 3070 uti
356 3027 548 3092 possumus,
581 3026 722 3089 quarum
753 3003 859 3069 altera
890 3002 1012 3067 certior
1039 3008 1141 3088 atque
1172 3002 1309 3068 brevior

134 3114 288 3197 videtur,
325 3113 432 3177 altera
455 3111 613 3196 ambigua
636 3110 746 3197 magis
771 3117 872 3197 atque
895 3110 1072 3175 laboriosa.
1129 3108 1218 3175 Nam
1252 3117 1311 3175 aut

135 3222 196 3306 116,
226 3243 311 3306 quae
339 3219 377 3283 in
401 3219 546 3303 singulis
569 3218 667 3283 libris
691 3217 1040 3304 comprehenduntur,
1069 3217 1190 3282 aetatis
1213 3217 1311 3281 testi-

135 3328 264 3395 moniis
281 3328 431 3393 collectis
449 3349 514 3412 quo
529 3332 682 3413 tempore
699 3326 852 3412 singulos
864 3324 1058 3411 Xenophon
1072 3325 1309 3411 composuerit,

137 3435 414 3502 circumscribere
438 3456 625 3520 possumus,
650 3440 709 3498 aut
731 3434 897 3499 librorum
917 3455 1041 3518 genere
1058 3431 1196 3497 dicendi
1211 3455 1312 3517 quam

136 3542 287 3609 maxime
311 3540 494 3627 diligenter
517 3547 739 3626 accurateque
764 3539 988 3626 comparando
1004 3539 1222 3624 constituere,
1247 3561 1312 3624 quo

138 3650 260 3718 ordine
282 3649 341 3713 ille
364 3649 466 3714 libros
491 3649 675 3735 scripserit.
708 3649 755 3712 Et
779 3648 838 3711 illa
861 3646 999 3732 quidem
1022 3645 1185 3730 absoluta,
1208 3651 1248 3710 ut
1263 3646 1313 3710 ita

139 3758 267 3842 dicam,
303 3756 554 3822 determinandi
587 3755 719 3820 ratione
755 3776 835 3818 usus
864 3742 1058 3819 Boeohhius
1088 3752 1242 3818 libellum
1272 3752 1313 3818 de

138 3863 369 3950 vectigalibus
393 3887 420 3927 a.
446 3863 510 3926 355
534 3863 699 3948 scriptum
723 3884 797 3926 esse
831 3860 1022 3945 constituit,
1056 3882 1167 3945 neque
1201 3860 1313 3925 minus

140 3971 261 4038 eadem
289 3970 442 4036 adhibita
464 3970 654 4034 Historiam
678 3969 844 4034 Graecam
866 3973 954 4055 post.
978 3991 1006 4032 a.
1032 3967 1097 4033 357
1126 3967 1314 4033 confectam

140 4103 217 4146 6666
240 4079 308 4143 iam
332 4077 391 4141 diu
415 4077 685 4142 demonstratum
709 4082 770 4142 est.
811 4076 879 4142 Sed
902 4075 940 4140 in
963 4074 1080 4139 multis
1103 4074 1313 4161 Xenophon-

141 4189 188 4254 tis
212 4184 309 4251 libris
334 4191 391 4249 aut
415 4186 551 4250 omnino
576 4185 697 4249 aetatis
721 4183 918 4248 testimonia
941 4182 1058 4247 deesse
1074 4182 1236 4247 videntur
1256 4189 1315 4246 aut

144 4292 316 4380 quomodo
345 4293 489 4376 quaein
517 4293 561 4356 iis
590 4292 747 4376 legantur
781 4290 1037 4378 interpretanda
1070 4289 1153 4373 sint,
1191 4311 1316 4374 magna

142 4400 313 4468 dissensio
348 4407 410 4465 est.
470 4400 580 4478 Quare
609 4399 876 4484 alteraqucque
905 4396 1157 4463 determinandi
1183 4396 1315 4461 ratione

1103 4499 1137 4554 3*
