2880 4852
586 232 804 306 —43-

111 421 179 506 (111,
205 445 268 488 nec
288 445 358 488 non
374 423 411 506 in
425 422 645 510 Cyropaedia‚
664 421 838 506 aliquanto
854 421 962 485 rarius
979 420 1128 485 inlibris
1144 420 1280 486 histori-

111 526 163 611 is;
210 552 347 615 perraro
387 536 501 595 autem
535 530 645 594 utitur
678 528 875 615 Xenophon
909 528 1076 614 particula
1110 519 1278 611 καθάπερ,

111 635 203 701 iius
226 637 310 702 haec
334 637 405 702 fere
427 644 507 702 sunt
524 638 691 723 exempla:
713 637 803 700 Heli.
825 636 879 699 HI
895 637 926 718 2,
943 636 977 718 9,
1003 636 1035 719 4,
1053 636 1109 718 21;
1130 635 1279 719 1V7‚2;

147 745 194 827 2,
220 745 253 828 73
282 747 314 829 4,
339 746 396 827 54;
427 744 537 810 Anab.
562 747 594 810 V
617 745 648 828 4,
673 727 739 827 283'
759 745 791 827 6,
815 743 871 825 26;
903 743 1008 808 Conv.
1033 742 1051 806 Ι
1074 742 1109 825 9,
1139 743 1278 807 Memor.

116 852 179 935 2,
196 853 253 935 293
278 853 321 917 R.
346 875 397 936 eq.
422 853 473 918 IV
497 854 527 917 5.
553 849 667 937 [Ages.
691 851 710 915 I
734 849 798 932 291

214 960 287 1025 Iam
311 966 445 1024 transeo
469 959 511 1024 ad
534 959 736 1046 particulam
759 950 803 1033 τέ,
829 980 915 1041 quae
939 958 1010 1021 sola
1034 956 1172 1041 quidem
1195 980 1279 1042 1111,

115 1065 241 1150 epius
275 1067 423 1152 repetita
461 1060 587 1149 (ut-tal,
629 1087 791 1152 persaepe
826 1087 902 1130 cum
936 1057 993 1124 acl
1028 1064 1208 1129 coniuncta
1242 1063 1280 1128 in

111 1173 263 1239 unibus
291 1173 532 1260 Xenophontis
560 1173 658 1238 libris
685 1172 822 1257 legitur.
875 1170 975 1249 Quod
1008 1178 1187 1258 propterea
1220 1194 1280 1235 ne-

111 1279 272 1346 lendum
284 1304 355 1346 non
371 1304 444 1346 esse
455 1281 602 1365 videtur,
616 1279 706 1365 quod
718 1279 867 1344 Fuhrius
881 1279 1009 1365 optime
1023 1279 1279 1363 demonstravit,
1340 1355 1346 1361 ‚

111 1394 242 1453 raeter
277 1411 393 1454 omnes
429 1395 577 1453 oratores
612 1386 833 1452 Plutarchum
869 1408 1001 1471 quoque
1031 1409 1069 1450 11
1097 1386 1180 1450 adeo
1210 1408 1279 1450 non

116 1515 208 1559 sum
232 1518 319 1581 esse,
353 1503 393 1560 ut
420 1495 457 1560 in
484 1495 601 1560 multis
626 1495 718 1559 illius
743 1493 880 1580 scriptis
904 1486 1025 1553 τὲ-καί
1049 1493 1186 1558 omnino
1209 1515 1279 1557 non

111 1608 255 1686 egatur3
293 1625 358 1688 quo
388 1610 586 1688 argumento
611 1603 654 1667 ad
676 1601 857 1667 nonnullos
882 1602 923 1665 de
948 1601 1070 1685 quibus
1094 1600 1281 1686 ambigitur

111 1704 212 1774 ibros
250 1711 302 1776 illi
341 1717 400 1775 aut
437 1702 663 1776 vindicandos
702 1716 761 1774 aut
789 1708 981 1794 eripiendos
1017 1714 1052 1772 et
1085 1708 1142 1771 ille
1177 1705 1278 1790 (Mus.
1311 1699 1313 1703 ¹

111 1810 218 1882 Rhea.
243 1818 387 1884 XXXV
413 1840 445 1904 p.
475 1819 539 1881 565
568 1813 655 1902 sqq.)
680 1823 714 1881 et
740 1815 909 1880 Heinzius
940 1815 1117 1908 (Bursians
1140 1815 1278 1880 Jahres-

111 1914 259 1989 beriohte
281 1926 373 1990 ΧΠΙ
395 1947 427 2011 p.
453 1920 532 2007 222)
556 1924 610 1989 usi
634 1930 724 1989 sunt.
769 1924 879 2001 Quare
903 1923 1046 1987 aliorum
1070 1923 1279 1987 saeculorum

111 2027 287 2114 scriptores
323 2033 399 2097 aliis
434 2032 612 2119 particulis
646 2032 693 2097 ad
733 2030 988 2116 coniungendas
1031 2029 1279 2117 propositiones

112 2146 184 2200 usos
209 2162 282 2204 esse
304 2139 482 2226 particulis
506 2140 656 2204 collectis
681 2138 824 2203 fortasse
841 2137 1066 2203 demonstrari
1086 2144 1210 2224 posset.
1235 2137 1279 2202 In

112 2229 349 2333 Xenophontis
373 2269 454 2313 vero
477 2245 574 2312 libris
598 2246 653 2311 hic
678 2246 749 2310 illie
771 2246 828 2310 vel
844 2245 994 2331 saepim,
1019 2268 1119 2329 quam
1144 2246 1278 2330 elegan-

111 2340 173 2412 lssffl
202 2355 400 2442 scriptorem
424 2355 534 2438 decet,
558 2345 670 2414 τέ-καί
697 2353 872 2440 repetitur,
898 2351 1066 2438 imprimis
1090 2352 1127 2416 in
1150 2353 1277 2417 Memo-

111 2447 263 2527 'abssium
286 2462 366 2527 libri
381 2462 435 2527 ΙΠ
449 2461 625 2548 *capitibus
649 2463 725 2526 8-
741 2462 783 2526 10
806 2466 840 2525 11
863 2461 913 2531 IV
939 2462 956 2524 1
982 2466 1016 2524 et
1039 2460 1059 2523 2
1083 2460 1138 2540 (26
1152 2495 1193 2503 —
1207 2459 1276 2542 28);

111 2575 241 2634 'Orraro
266 2575 382 2635 contra
405 2570 442 2634 in
465 2565 743 2636 Memorabilibus
767 2562 803 2629 τέ
809 2561 867 2629 -1έ
895 2567 1085 2651 invenitur,
1122 2566 1213 2652 quod
1241 2568 1279 2632 in

111 2657 361 2742 lssllenicorum
394 2683 490 2763 parte
526 2677 636 2763 prima
665 2683 698 2740 et
726 2677 763 2740 in
790 2676 876 2741 libro
906 2675 947 2740 (11
976 2674 1180 2759 Venatione,
1219 2675 1278 2760 qui

112 2763 187 2848 bri
213 2784 490 2850 Memorabilibus
520 2784 621 2849 tertia
648 2785 705 2848 vel
733 2791 851 2868 quarta
880 2789 976 2869 parte
1004 2782 1152 2847 minores
1186 2787 1275 2866 sunt,

111 2893 175 2952 011
198 2892 306 2956 rarius
335 2898 387 2956 est
415 2914 516 2977 quam
544 2891 581 2955 in
609 2891 687 2956 illis.
725 2879 925 2976 -Neque
952 2890 1065 2976 minus
1094 2889 1288 2974 singularis¹
1383 2946 1389 2955 ,

111 3000 123 3042 ῑ
161 2995 443 3065 Memorabilibus
466 2999 526 3083 iis,
563 2999 685 3083 quibus
721 2998 1004 3083 interrogationes
1029 3002 1142 3062 rectae
1169 2996 1277 3084 signi·

111 3109 265 3190 eantur,
301 3107 477 3192 particulis
512 3107 709 3191 Xenophon
743 3128 823 3170 usus
859 3112 920 3170 est.
930 3100 955 3187 l)
1006 3105 1094 3170 Nam
1129 3127 1205 3168 cum
1240 3105 1277 3168 in

111 3214 263 3279 Quibus
293 3213 537 3301 Xenophontis
566 3213 716 3299 scriptis²
750 3213 787 3276 in
822 3211 943 3298 quibus
979 3212 1058 3276 11111
1091 3211 1276 3298 particulae

111 3299 279 3405 llquanto
308 3321 442 3408 saepius
470 3321 707 3404 inveniuntur,
738 3321 835 3404 (quae
864 3325 943 3383 sunt
966 3324 1062 3405 praet
1064 3342 1100 3383 11
1124 3318 1276 3404 dialogos

111 3407 318 3514 ysopaedia
342 3435 376 3493 et
398 3409 632 3510 Anabasis)
611 3449 640 3512 η
659 3429 716 3492 vel
745 3427 893 3491 crebrius
922 3427 1013 3512 legat
1013 3448 1054 3489 ur
1078 3448 1179 3510 quam
1202 3408 1275 3509 ἆρα,

115 3543 168 3598 &r
194 3535 430 3600 Memorabilia
458 3536 636 3620 quinquies
666 3542 701 3600 et
728 3535 844 3599 tricies
873 3516 951 3623 ἆρα,
988 3556 1162 3619 nunquam
1190 3555 1209 3618 η
1240 3535 1277 3598 in

111 3643 373 3729 [lterrogatione
395 3649 488 3708 reeta
504 3643 689 3709 invenitur.
700 3637 724 3720 2)
756 3642 903 3706 Contra
894 3665 931 3706 m
944 3640 1156 3727 Oyropaedia
1173 3642 1277 3706 semel

114 3740 139 3802 ¹3
166 3750 278 3815 tricies
302 3733 333 3835 ἦ,
357 3751 467 3815 sexies
492 3750 604 3814 decies
629 3732 702 3834 ἆρα,
727 3749 764 3813 in
782 3749 1005 3816 Oeconomico
1031 3748 1228 3834 quindecies
1245 3731 1276 3834 ἦ,

111 3857 229 3922 lovios
253 3840 327 3942 ἆρα,
351 3857 389 3923 in
405 3858 573 3924 Convivio
590 3858 699 3922 sexies
723 3839 752 3942 ἦ,
778 3857 959 3942 quinquies
976 3838 1048 3940 ἆρα,
1072 3857 1110 3921 in
1125 3855 1278 3922 Anabasi

111 3947 358 4050 1111111111
386 3947 450 4050 ἆρα
477 3965 662 4030 invenitur.

111 4106 318 4132 x—

215 4229 240 4298 1)
278 4231 340 4284 Has
364 4229 520 4301 particulas
540 4229 653 4284 tabellis
678 4228 793 4299 quidem
812 4229 978 4284 inserendas
1004 4248 1062 4285 uon
1086 4246 1148 4283 esse
1166 4228 1276 4300 putavi,

121 4321 180 4370 e1111]
196 4318 225 4372 in
245 4318 535 4394 commentationibus
554 4324 583 4372 et
601 4318 682 4374 libris
701 4318 846 4374 historicis
858 4319 1019 4373 rarissimas
1038 4336 1100 4373 esse
1118 4322 1276 4390 appareret.

217 4405 244 4477 2)
282 4409 367 4462 Mem.
387 4408 419 4463 II
438 4413 462 4479 1,
484 4411 516 4463 15
535 4403 549 4475 ἦ
569 4408 685 4480 legitur,
714 4408 763 4463 sed
793 4408 822 4462 in
845 4408 1072 4478 interrogatione
1096 4406 1276 4462 disiunctiva.
