2880 4852
530 231 749 299 ..95-

423 445 445 534 5
468 447 525 514 24.
573 448 615 515 Be
640 447 860 533 Hipparcbtcc.

161 575 275 639 Pauca
306 574 374 638 iam
402 573 444 637 de
472 573 642 660 scriptis
672 573 929 657 equestribus
958 572 1102 638 dicenda
1136 581 1226 658 sunt,

54 681 325 768 Hipparchicum
350 681 425 745 dico
449 688 483 744 et
507 703 584 745 eum
607 680 742 764 librum,
767 680 826 764 qui
849 674 927 762 περὶ
945 672 1092 765 ἱππικῆς
1108 681 1227 746 inscri-

54 787 155 853 bitur.
192 788 307 873 Atque
332 787 649 874 Hipparchicum
674 787 811 873 quidem
834 783 1015 873 postquam
1030 789 1227 874 Xenophon

55 895 90 959 in
102 895 249 980 gratiam
264 917 341 959 cum
352 895 463 980 patria
474 894 642 978 rediisset,
656 895 879 981 compositum
892 917 965 959 esse
982 918 1024 959 ex
1040 917 1078 960 ea
1093 918 1129 959 re
1146 896 1228 959 satis

55 1007 210 1090 apparet,
247 1001 337 1087 quod
368 1002 634 1067 Atheniensium
669 1002 823 1087 equitum
857 1002 1021 1085 magistro
1050 1025 1091 1066 ex
1120 1002 1228 1088 ipsius

56 1110 269 1196 experientia
293 1108 336 1173 ad
359 1109 490 1194 equites
515 1109 643 1195 optime
673 1099 716 1174 ad
743 1109 871 1174 bellum
899 1109 1103 1174 exercendos
1128 1116 1228 1194 atque

55 1215 222 1303 parandos
247 1216 389 1283 consilia
412 1215 480 1280 dat.
527 1217 647 1300 ltaque
671 1221 820 1280 statuere
843 1238 1031 1301 possumus,
1056 1223 1231 1302 cumpost

55 1346 81 1387 a.
107 1323 175 1388 369
205 1323 428 1409 compositum
457 1318 563 1405 esse1)
593 1321 647 1403 (cf.
672 1347 704 1409 p.
731 1323 795 1407 29),
826 1323 862 1387 id
886 1323 975 1408 quod
998 1324 1074 1388 aliis
1098 1346 1229 1409 quoque

12 1438 14 1445 '
54 1430 158 1496 rebus
182 1429 410 1495 confirmatur.
449 1431 604 1495 Primum
621 1430 712 1494 enim
728 1430 972 1516 posterioribus
989 1431 1230 1517 Xenophontis

53 1538 195 1624 scriptis
230 1544 369 1624 propter
402 1538 643 1623 particularum
678 1559 777 1601 usum
816 1537 1053 1602 attribuendus
1095 1537 1233 1604 videtur

53 1642 130 1727 (cfr.
157 1668 191 1731 p.
216 1644 259 1708 35
283 1640 379 1729 sqq),
410 1644 534 1708 deinde
569 1667 673 1708 senex
701 1645 809 1709 multa
838 1667 1017 1731 perpessus
1046 1645 1231 1729 multisque

51 1753 90 1816 in
106 1751 270 1840 periculis
286 1758 441 1816 versatus
458 1753 568 1816 clucet
592 1774 618 1816 c.
636 1751 687 1815 IX
702 1752 737 1814 8:
762 1743 791 1812 εὶ
816 1746 852 1811 δέ
868 1773 917 1825 τις
935 1751 1030 1812 coito
1053 1744 1229 1832 θαυμάζει,

52 1848 108 1919 ὅτι
143 1850 308 1931 πολλάκις
336 1851 518 1940 γέγραπται
547 1850 585 1918 τὸ
615 1849 673 1918 σὺν
695 1857 767 1939 θεῷ
790 1849 962 1941 notiorem,
994 1840 1029 1919 εὖ
1056 1850 1154 1934 ibice,
1180 1847 1230 1919 ὅτι

52 1954 94 2050 ἢν
118 1957 286 2038 πολλάκις
309 1957 486 2049 κινδυνεύῃ,
512 1947 609 2050 ἧκον
626 1965 722 2027 τοῦτο
748 1957 974 2043 domnicatum
1009 1972 1083 2030 tum
1113 1988 1233 2032 verum

51 2072 148 2138 vidit
175 2072 353 2138 Nitschius
389 2072 512 2137 docens
536 2071 570 2151 (l.
595 2073 617 2137 l.
642 2095 674 2158 p.
700 2074 741 2137 51
767 2073 818 2158 sq)
842 2080 919 2160 post
946 2095 1097 2160 pugnam
1124 2074 1233 2138 Leuc·

53 2181 181 2245 tricam
209 2180 336 2266 scripta
361 2201 444 2262 esse,
470 2202 554 2264 quac
570 2180 622 2244 IX
636 2180 659 2243 4
673 2181 843 2266 leguntur.
878 2180 963 2245 Cum
980 2181 1072 2245 enim
1090 2181 1235 2269 scriptor

54 2287 330 2353 Atheniensibus
360 2285 509 2369 suadeat,
545 2293 584 2351 ut
606 2287 766 2352 metoecis
791 2288 880 2352 inter
905 2288 1036 2372 equites
1060 2288 1232 2375 stipendia

55 2393 215 2460 merendi
237 2391 434 2458 facultatem
458 2393 588 2478 darent,
612 2393 958 2460 Lacedaemoniorum
983 2416 1115 2480 queque
1139 2395 1233 2480 equi-

57 2508 169 2567 tatum
192 2501 261 2566 illis
285 2500 468 2585 assumptis
493 2501 666 2565 meliorem
689 2502 862 2566 redditum
886 2524 959 2566 esse
983 2501 1077 2566 dicit.
1123 2501 1232 2578 Quem

58 2632 137 2674 cum
160 2608 198 2672 in
221 2608 401 2673 Leuctrica
424 2630 539 2695 pugna
563 2608 790 2673 miserrimum
814 2607 920 2672 fuisse
944 2609 1017 2694 ipse
1039 2608 1234 2694 Xenophon

58 2722 205 2781 testetur
227 2717 318 2780 nai
343 2716 394 2780 vr
416 2716 447 2799 4,
475 2716 516 2778 ro
551 2738 627 2779 oum
663 2715 767 2779 disat:
798 2696 836 2798 ἠν
865 2708 900 2775 a
923 2714 995 2788 τοῖς
1017 2711 1233 2794 Actiacae-

59 2815 141 2896 νίοις
157 2823 229 2882 κατ’
243 2814 432 2883 ἐκεῖνοντὸν
447 2814 560 2905 χρόνον
575 2814 802 2906 πονηρόῑαῑον
817 2813 855 2882 τὸ
873 2813 1027 2896 ἱππικόν,
1047 2830 1125 2907 post
1140 2822 1234 2887 illam

59 2951 211 3017 pugnam
235 2922 343 3002 ξένους
370 2929 461 2993 inter
491 2929 622 3014 equites
646 2935 800 3015 receptos
824 2951 897 2993 esse
926 2928 1114 2993 verisimile
1138 2925 1233 3008 esi-2²).

61 3036 156 3114 Quae
181 3036 320 3121 quidem
343 3058 397 3100 res
420 3036 463 3100 iis
487 3058 556 3101 non
580 3037 724 3101 multum
747 3034 885 3122 profuit,
910 3058 1122 3121 cumpugna
1137 3039 1234 3102 Man·

60 3143 189 3209 tinensi
213 3143 338 3207 iterum
362 3144 494 3228 equites
517 3144 737 3208 vincerentur
760 3140 864 3227 (Hell.
882 3144 950 3208 VH
966 3144 996 3226 5,
1014 3139 1079 3225 25).
1124 3144 1234 3208 Mani·

63 3249 202 3317 festiora
230 3256 343 3314 autem
372 3250 534 3335 temporis
562 3250 711 3336 vestigia
738 3250 1038 3336 deprehenduntur
1067 3249 1235 3335 inprime

62 3367 248 3444 quartoque
284 3358 409 3445 capite,
445 3380 529 3442 quae
566 3380 641 3422 cum
676 3379 796 3444 pacem
830 3363 971 3442 agerent
1002 3355 1233 3421 Athenienses

173 3585 202 3657 1)
238 3585 381 3641 Libellum
408 3585 548 3656 Corinthi,
576 3604 634 3641 non
662 3585 786 3641 Athenis
816 3586 956 3657 scriptum
987 3603 1048 3640 esse
1078 3604 1112 3640 ex
1144 3605 1178 3641 ea
1204 3605 1235 3641 re

61 3676 204 3733 Nitchius
223 3675 341 3746 colligit,
371 3675 447 3746 quod
465 3675 638 3746 Xenophon,
667 3694 732 3729 cum
755 3675 947 3730 Athenienses
974 3676 1117 3746 loquatur,
1144 3677 1236 3730 altera

60 3784 180 3839 persona
201 3765 321 3837 pluralis
339 3763 433 3818 utitur
451 3756 555 3834 (ὥσπερ
576 3758 691 3817 εἰώθατε
711 3766 819 3834 111123
839 3764 890 3819 cfr.
910 3765 1050 3836 Krueger,
1070 3764 1191 3819 Studien
1204 3765 1235 3818 ΙΙ

60 3855 137 3928 284);
166 3854 244 3926 quod
271 3859 475 3926 argumentum
493 3854 557 3908 leve
585 3860 671 3924 atque
698 3853 769 3908 satis
797 3853 990 3908 reiectaneum
1019 3853 1091 3907 mihi
1110 3853 1235 3923 videtur,

61 3962 240 4018 quamquam
259 3943 294 3998 de
311 3962 343 3998 re
361 3943 424 4014 ipsa
443 3962 509 3997 cum
528 3942 660 3997 Nitschio
687 3943 841 3998 consentio.
878 3944 953 3997 Nam
976 3943 1100 3998 Athenis
1124 3961 1236 4014 quoque

58 4027 94 4094 ὠς
114 4028 237 4102 εἰώθατε
252 4032 346 4088 dicere
364 4032 468 4104 potuit,
488 4051 553 4086 cum
571 4032 632 4104 ipse
646 4037 764 4104 propter
782 4038 907 4086 aetatem
922 4031 980 4086 iam
994 4051 1053 4087 non
1067 4032 1143 4086 inter
1159 4032 1236 4102 equi·

58 4130 103 4179 tes
123 4128 209 4178 esset.

171 4210 200 4282 2)
236 4211 385 4267 Metoecos
409 4210 485 4264 inter
508 4211 619 4281 equites
645 4210 801 4282 recipiendi
824 4228 886 4264 eam
909 4210 1093 4281 potissimum
1121 4228 1237 4265 causam

58 4303 154 4358 fuisse
183 4299 331 4371 existimo,
362 4300 438 4371 quod
473 4317 508 4353 ex
541 4300 619 4355 mille
648 4299 815 4371 quingentis
844 4318 909 4354 cum
939 4300 1096 4372 plurimum
1127 4300 1238 4354 civibus

58 4393 111 4448 illa
132 4409 232 4464 pugna
251 4389 453 4462 quadringenti
475 4390 628 4461 perierant.
