2880 4852
686 234 907 300 „86-

208 412 364 478 rissimae
387 412 519 493 insunt3
545 391 609 494 άρα
627 411 718 475 enim
742 411 880 477 omnino
903 433 973 475 non
988 410 1123 495 legitur,
1149 390 1170 492 ἦ
1193 407 1302 472 semel
1324 403 1391 489 (IV

209 520 241 604 5,
264 515 322 602 44)
345 511 396 592 τίς
421 500 485 595 οὖν,
510 517 586 591 πῶς
610 501 666 579 οὖν
689 520 795 584 semel
818 518 955 604 singula
978 517 1041 597 (IV
1066 518 1094 600 1,
1122 516 1177 599 113
1201 515 1262 579 ΙΠ·
1273 515 1306 599 5,
1332 511 1389 597 14)

209 649 320 711 neque
345 625 494 690 crebrius
518 617 568 698 τίς
593 617 633 709 dri
656 623 778 711 (Π113,
796 622 847 709 5).
885 626 1028 690 Prorsus
1044 624 1111 690 alia
1125 645 1207 688 vero
1223 622 1267 687 de
1289 644 1390 686 causa

209 733 341 817 iisdem,
378 733 499 818 quibus
534 755 596 797 nos
622 733 849 818 attribuimus,
890 730 1100 819 temporibus
1137 729 1390 816 Cyropaediam

210 841 371 927 scriptam
407 863 480 904 esse
510 841 642 904 censuit
669 841 860 905 Henkelius
890 839 1072 921 (Isokrates
1094 837 1167 902 und
1189 835 1390 924 Xenophon

209 971 240 1034 p.
264 947 308 1031 4),
333 948 392 1033 qui
416 969 492 1011 curn
516 969 554 1011 ea
577 948 690 1031 verba,
715 970 799 1033 quae
824 948 902 1033 Cyr.
927 947 1027 1030 1111,
1053 947 1096 1010 38
1118 946 1293 1031 leguntur,
1318 967 1390 1009 non

211 1055 285 1119 sine
309 1054 422 1139 aliqua
449 1052 698 1139 probabilitatis
734 1054 847 1141 specie
883 1054 927 1118 ad
950 1054 1099 1118 Socratis
1127 1058 1273 1117 mortem
1301 1050 1390 1116 refe-

209 1162 315 1226 renda
350 1183 423 1226 esse
459 1168 608 1245 censeat,
643 1161 727 1225 haec
762 1166 947 1247 postquam
981 1159 1177 1246 Xenophon
1213 1159 1255 1224 ab
1280 1157 1390 1223 Athe-

209 1268 387 1334 niensibus
410 1276 589 1334 revocatus
614 1275 703 1360 esset
726 1269 852 1354 scripta
869 1268 962 1352 dicit,
988 1291 1064 1332 cum
1080 1268 1138 1332 ille
1154 1273 1227 1331 tam
1243 1266 1389 1333 mitibus

209 1376 323 1442 vorbis
358 1383 458 1461 atque
493 1376 567 1440 sine
599 1376 668 1440 ulla
702 1376 752 1440 ira
788 1376 946 1462 magistri
985 1375 1027 1440 ab
1062 1375 1131 1439 11111
1167 1373 1389 1439 condemnati

210 1484 421 1548 montionem
444 1483 556 1548 faciat.
616 1483 689 1560 Quo
724 1491 839 1548 tamen
868 1488 1066 1568 argumento
1090 1481 1180 1546 nihil
1195 1480 1291 1545 aliud
1310 1504 1389 1570 ,pro-

210 1590 285 1656 bari
300 1598 392 1678 puto,
417 1614 517 1676 quarn
534 1590 624 1676 quod
640 1591 723 1655 haec
739 1592 840 1676 longo
856 1599 934 1676 post
956 1614 985 1656 a.
1000 1590 1064 1654 399
1082 1589 1190 1675 spatio
1207 1589 1390 1654 interiecto

212 1699 338 1785 scripta
362 1720 434 1762 1111
459 1703 600 1784 oportet.
651 1699 754 1763 Nulla
788 1705 901 1763 autem
937 1697 1105 1762 dubitatio
1129 1696 1388 1781 relinqueretur,

213 1805 297 1892 quin
321 1812 470 1870 extrema
493 1805 735 1890 Xenophontis
770 1811 881 1869 aetate
906 1804 1119 1891 Oyropaedia
1153 1801 1310 1868 confecta
1335 1805 1388 1888 sit,

211 1914 240 1978 si
265 1919 454 1978 extremum
471 1918 581 2000 caput,
607 1912 696 1997 quod
719 1912 950 1998 Cyropaediae
975 1912 1146 1998 epilogum
1169 1933 1292 1975 vocare
1310 1934 1390 1976 con-

211 2021 399 2104 suevimus,
439 2020 480 2085 ab
516 2021 590 2105 ipso
625 2020 856 2105 Xenophonte
892 2021 1055 2105 scriptum
1095 2041 1167 2082 1111
1207 2024 1388 2083 constaret.

210 2126 281 2194 Ubi
296 2127 380 2191 haec
401 2129 563 2213 leguntur
579 2128 671 2212 (Cyn.
689 2129 776 2194 VHI
791 2129 822 2211 8,
848 2123 897 2210 4);
922 2126 976 2186 νῦν
1000 2120 1035 2186 δὲ
1058 2120 1114 2186 καὶ
1139 2113 1177 2210 ἥν
1200 2147 1252 2198 τις
1276 2115 1390 2209 ὥσπερ

166 2298 168 2302 .
213 2225 432 2319 Μιθριδάτης
466 2226 522 2294 τὸν
557 2229 687 2318 πατέρα
709 2224 966 2318 Ἀριοβαρζάνην
989 2224 1147 2318 προδούς,
1184 2226 1240 2293 καὶ
1272 2221 1313 2318 lb
1341 2253 1391 2306 τις

213 2330 325 2426 ὥσπερ
350 2330 546 2426 Ῥεομίθρης
580 2333 639 2426 την
674 2343 809 2423 γυναῖκα
843 2336 899 2402 καὶ
935 2333 976 2401 τά
1011 2335 1106 2401 τέκνα
1141 2334 1196 2400 καὶ
1224 2332 1302 2413 τοὺς
1327 2339 1392 2400 τῶν

212 2442 319 2534 (μίλιον
342 2445 469 2522 παῖδας
494 2437 634 2533 ὁμήρους
663 2442 756 2531 παρὰ
792 2448 839 2530 τη]
861 2441 1044 2530 Αἰγυπτίην
1073 2438 1306 2527 ἐγκαταλιπών
1334 2441 1392 2508 καὶ

213 2548 289 2629 τούς
323 2549 495 2637 μεγίστους
532 2545 646 2639 ὅρκους
681 2548 837 2639 παραβὰς
872 2552 1003 2635 βασιλεῖ
1038 2546 1116 2639 δόξῃ
1153 2575 1184 2615 τι
1220 2546 1393 2638 σίμφορον

211 2663 364 2747 ποιησαι,
401 2644 492 2724 οὗτοί
520 2656 602 2724 εἰσιν
631 2656 659 2724 oi
699 2663 773 2737 ταῖς
806 2656 978 2743 μεγίσταις
1005 2661 1118 2741 τιμαῖς
1150 2652 1391 2745 γεραιρόμενοι.

213 2769 479 2835 Ariobarzanem
505 2770 679 2857 Phrygiae
706 2770 847 2835 minoris
878 2776 1048 2857 satrapam
1072 2793 1091 2834 a
1114 2793 1195 2855 rege
1224 2756 1394 2834 defecisse

212 2883 318 2943 testes
341 2883 421 2945 sunt
436 2878 606 2943 Diodorus
624 2879 694 2944 XV
708 2879 752 2942 90
773 2884 807 2942 11
826 2877 1075 2964 Harpocration
1098 2900 1123 2942 1.
1141 2871 1221 2959 v.¹);
1252 2876 1345 2960 quod
1364 2900 1394 2942 a.

213 2982 337 3069 367(65
361 2985 489 3050 factum
514 3008 586 3050 esse
610 3008 727 3050 omnes
750 2986 905 3050 homines
937 2985 1028 3050 docti
1063 2984 1284 3071 comprobant
1314 2981 1393 3068 (cfr.

211 3092 433 3177 Krumbholz,
470 3092 511 3156 de
534 3092 638 3157 Asiae
673 3093 814 3157 minoris
844 3092 988 3179 satrapis
1016 3092 1163 3156 Persicis
1193 3114 1225 3176 p.
1250 3091 1306 3156 69.
1333 3093 1393 3176 723

214 3200 319 3265 Grote
342 3200 379 3263 X
394 3196 484 3282 469).
531 3199 564 3264 Α
587 3199 658 3264 filio
683 3199 806 3264 deinde
823 3199 1023 3264 Mithridate
1046 3197 1218 3285 proditum
1241 3198 1280 3263 in
1296 3201 1394 3286 regis

212 3312 417 3393 potestatem
451 3306 614 3371 incidisse
648 3307 851 3372 Aristoteles
888 3329 1020 3391 quoque
1055 3301 1246 3389 testatur²);
1283 3308 1394 3372 cruci-

212 3413 318 3478 fixum
342 3437 419 3478 eum
443 3436 516 3478 esse
549 3414 622 3478 iure
650 3414 735 3478 dicit
757 3414 1007 3500 Harpocration
1029 3415 1051 3478 l.
1076 3415 1113 3497 l.;
1149 3413 1239 3498 quod
1263 3412 1338 3478 fere
1364 3438 1393 3479 a.

213 3521 279 3584 364
302 3520 465 3586 accidisse
488 3520 625 3585 videtur
649 3521 851 3605 (Rehdantz,
876 3521 977 3587 Vitae
999 3522 1074 3608 lph.
1097 3519 1219 3586 Chabr.
1239 3521 1394 3586 Timoth.

213 3651 245 3714 p.
274 3624 361 3711 155).
408 3629 504 3694 Duos
538 3651 619 3725 vero
652 3627 913 3713 Ariobarzanes,
950 3651 1091 3714 quorum
1126 3627 1262 3712 utrique
1299 3628 1395 3693 fflius

323 3856 350 3927 1)
386 3859 557 3929 Harpocrat.
586 3877 607 3912 s.
636 3876 678 3914 V.:
711 3851 918 3930 Ἀριοβαρζάνης
956 3850 1096 3928 σατράπης
1129 3862 1254 3927 Φρυγίας
1276 3849 1394 3911 ἀποδει-

210 3949 294 4016 χθεὶς
307 3934 386 4005 οὗτος
398 3940 475 4018 παρὰ
484 3941 656 4019 Ἀρταξέρξου
675 3949 738 4019 (pro
754 3949 854 4017 Ξέρξου
868 3948 992 4002 correxit
1004 3947 1106 4018 Meyer
1118 3946 1153 4000 de
1165 3946 1248 4000 bonis
1262 3945 1395 4002 damma·

214 4041 311 4090 torum
329 4055 357 4108 p.
376 4037 422 4103 55)
443 4030 554 4107 ἀπέστη,
577 4030 606 4095 ὃς
633 4041 680 4088 καὶ
712 4030 876 4095 ἀποστείλας
899 4029 966 4088 λαὸν
989 4029 1051 4094 τοὺς
1078 4028 1290 4106 πολεμήσαντας
1319 4030 1396 4104 αὐτῷ

215 4130 265 4177 καὶ
280 4119 490 4196 χειρωσάμενος
509 4120 687 4196 ἐσταύρωσεν.
716 4127 799 4183 Diod.
809 4127 865 4182 XV
880 4129 926 4181 90:
950 4126 1010 4179 Τῶν
1029 4119 1221 4196 τῖηεστηκὸτων
1241 4124 1395 4196 σατραπῶν

214 4209 286 4281 ἦσαν
306 4218 522 4286 ἐπιηανέστατοι
537 4208 744 4286 Ἀριοβαρζάνης
762 4217 815 4287 μὲν
834 4209 848 4267 ὁ
868 4215 913 4282 τῆς
932 4222 1057 4286 Φρυγίας
1076 4207 1224 4284 σατράπης.

324 4307 353 4374 2)
372 4305 535 4359 Α1111.ΡοΙ.
552 4305 621 4358 1312
634 4324 651 4358 a
670 4306 709 4372 (V
721 4307 747 4374 8,
762 4304 819 4374 14):
838 4304 1021 4375 καταιγρονών
1034 4308 1078 4356 καὶ
1095 4297 1144 4356 διὰ
1157 4302 1255 4374 κέρδος
1269 4305 1394 4358 ἐπετίθει

211 4388 404 4467 Ἀριοβαρζάνῃ
424 4387 612 4469 Μιθριδάτης.
633 4394 685 4452 cfr.
707 4394 817 4450 Cornel.
837 4395 907 4466 Nep.
927 4396 992 4448 Dat.
1012 4394 1042 4447 X
1061 4395 1085 4450 l.
