2880 4852
521 214 761 284 Η-109·-

46 393 142 462 XIII
165 394 291 483 591d),
314 396 383 463 nisi
406 395 492 464 forte
515 399 545 464 is
570 422 700 484 quoque
716 399 983 484 Xenophontem
1007 389 1132 482 Γρύλου
1156 385 1227 459 οἱύν

49 505 143 570 dicit
166 511 201 569 et
224 505 400 571 collatores
423 507 525 571 huius
548 507 598 571 rei
621 508 716 571 velut
740 507 920 572 scribentis
937 507 1058 572 erroris
1082 529 1226 571 comme-

47 612 279 677 morationem
313 636 384 679 non
423 613 587 679 fecerunt.
628 651 669 658 —
708 614 821 699 Atque
858 613 1069 679 simillimum
1103 636 1228 678 nomen

51 713 205 803 Γρολίων
227 743 287 807 per
310 743 415 786 unum
438 722 459 785 l.
483 721 647 808 scriptum
670 720 738 787 fuit
765 722 802 785 in
830 721 930 786 titulo
953 721 1115 786 Boeotico
1137 743 1229 785 nunc

51 826 235 914 deperdito
259 824 334 911 (cfr.
358 829 507 912 Lolling,
531 829 646 894 Mitth.
673 828 704 893 d.
721 828 803 894 Aah.
828 829 913 894 Inst.
930 828 1055 909 11186)
1080 828 1109 893 si
1133 850 1229 894 accu-

50 941 130 1000 rate
164 935 320 999 lacunam
354 935 521 1001 indicavit
555 935 747 1002 Urlichsius
783 934 936 1017 (Bullett.
973 936 1005 1002 d.
1034 937 1113 1001 inst.
1138 935 1228 1001 arch.
1264 978 1265 982 =

55 1043 147 1107 1838
184 1065 215 1128 p.
256 1043 345 1122 llO):
396 1041 621 1104 ΝΙΚΙΩΝΟΣ
662 1045 694 1104 Γ
693 1041 910 1106 .ΥΛ.ΩΝΟΣ
944 1042 1232 1105 ΠΛΑΤΑΕΙΟΣ

55 1148 134 1232 (cfr.
170 1150 265 1235 Keil,
300 1150 405 1215 lnscr.
435 1151 553 1215 Boeot.
577 1150 657 1215 Xe
692 1173 724 1237 p.
749 1150 814 1230 69).
872 1151 992 1236 Itaque
1028 1173 1231 1235 quamquam

55 1256 293 1322 Herodianum
317 1280 445 1322 errasse
469 1257 673 1322 contendere
697 1258 864 1323 lubricum
888 1264 949 1342 est,
973 1264 1088 1323 tamen
1104 1281 1149 1323 an
1168 1257 1232 1322 hac

56 1366 95 1430 in
119 1387 157 1429 re
180 1364 446 1452 Philostephano
469 1366 546 1452 plus
575 1365 799 1446 auctoritatis=
824 1365 999 1448 tribuerit,
1036 1387 1136 1449 quam
1171 1365 1231 1429 tri·
1259 1427 1263 1433 ,
1302 1341 1318 1364 ⁵

56 1472 164 1537 buere
188 1471 314 1556 debuit,
339 1472 488 1537 dubitari
511 1478 632 1557 potest.
670 1509 711 1517 -
748 1472 847 1536 Certe
870 1495 940 1537 non
964 1474 995 1532 Γ
993 1463 1101 1557 ρύλον,
1131 1494 1232 1557 quam

56 1579 204 1645 formam
221 1586 255 1643 et
271 1579 493 1644 Schubartius
517 1580 554 1644 in
570 1579 759 1644 Pausaniae
781 1578 930 1644 editione
946 1579 1077 1644 minore
1093 1579 1231 1666 adopta-

56 1687 112 1752 vit
135 1692 170 1750 et
193 1686 396 1753 Benselerus
420 1686 544 1770 laudat,
571 1687 787 1752 scribendum
811 1709 898 1771 esse,
928 1686 988 1751 sed
1012 1687 1084 1751 sive
1108 1682 1233 1769 Γρύλον

58 1795 134 1859 sive
159 1787 303 1877 Γρύλλον
326 1817 368 1859 ex
390 1794 546 1859 Herodae
570 1794 611 1859 fr.
638 1796 655 1859 1
679 1795 807 1879 Bergk.
835 1800 989 1882 apparet,
1031 1795 1090 1878 qui
1123 1794 1233 1880 prima

58 1903 193 1988 syllaba
215 1903 379 1988 producta
402 1902 520 1967 utitur.

400 2206 430 2272 ΙΙ.
478 2205 521 2273 no
545 2204 760 2291 Xenophontis
786 2205 900 2274 matre.

171 2367 257 2432 Cum
272 2368 514 2455 Xenophontis
531 2368 639 2432 vitam
651 2368 719 2431 iam
735 2365 924 2431 confectam
939 2373 1103 2452 putarem,
1118 2367 1233 2432 Rueh-

59 2476 130 2541 lius
154 2474 198 2539 ad
219 2475 362 2540 Eusebii
384 2476 496 2540 locum
520 2474 561 2539 ab
585 2473 755 2557 omnibus
790 2479 954 2558 quantum
977 2472 1094 2559 video,
1126 2474 1236 2539 adhuc

61 2584 259 2668 neglectum
283 2582 434 2647 animum
457 2604 570 2646 meum
594 2580 753 2646 advertit.
805 2581 985 2666 Leguntur
1020 2581 1112 2645 enim
1147 2581 1236 2668 apud

63 2690 271 2756 Schoenium
305 2687 371 2772 (ed.
395 2690 519 2756 Euseb.
543 2697 567 2754 t.
592 2689 629 2753 Π
651 2713 683 2776 p.
711 2685 788 2771 110)
824 2712 866 2753 ex
899 2689 1103 2753 Armeniaca
1131 2688 1236 2753 inter·

62 2799 255 2885 pretatione
279 2821 298 2861 a
321 2798 548 2862 Petermanno
571 2797 678 2862 latine
701 2818 800 2860 versa
822 2795 920 2861 haec:
950 2796 1001 2862 Ol.
1027 2795 1080 2880 95,
1103 2795 1126 2860 4
1148 2795 1182 2876 (1.
1207 2818 1235 2860 a.

65 2929 93 2970 a.
113 2901 215 2988 39716
239 2929 267 2970 a.
286 2905 364 2969 Chr.
381 2904 428 2983 n.)
445 2904 640 2990 Xenophon
657 2904 771 2969 Grilae
792 2909 827 2968 et
842 2903 985 2968 Diodori
1005 2902 1096 2968 filius
1113 2925 1237 2989 cogno-

65 3012 230 3077 scebatur.
269 3049 309 3056 —
347 3011 440 3089 Quae
475 3034 552 3076 cum
579 3011 817 3097 Xenophontis
851 3010 940 3097 patri
964 3011 1084 3095 Gryllo
1112 3033 1237 3075 nomen

65 3119 172 3183 fuisse
201 3142 242 3182 ex
275 3119 392 3183 eodem
416 3119 565 3184 Eusebio
594 3125 628 3182 et
654 3119 886 3204 Hieronymus
910 3117 966 3198 (ad
990 3117 1041 3182 01.
1066 3118 1119 3201 95,
1147 3113 1179 3199 1)
1203 3123 1265 3181 et·

66 3227 247 3311 Syncellus
269 3227 346 3309 490,
371 3227 394 3291 4
417 3224 492 3310 (cfr.
521 3226 675 3292 Schoene
700 3227 720 3290 l.
744 3227 766 3290 1.
790 3249 822 3312 p.
848 3226 912 3289 110
936 3225 1019 3309 seq.)
1043 3223 1181 3289 tradant
1203 3229 1239 3288 et

66 3334 149 3399 alias
174 3334 256 3398 satis
280 3318 421 3418 constet,
447 3334 676 3420 suspicionem
700 3332 883 3397 movebant
898 3332 1090 3396 maximam.
1128 3330 1238 3408 Quare

67 3441 181 3526 Grylli
203 3441 412 3526 Diodorique
435 3423 584 3506 filiorum
607 3439 849 3526 Xenophontis
872 3439 1012 3504 nomina
1039 3461 1083 3504 an
1111 3438 1168 3503 hic
1190 3439 1237 3503 la-

66 3555 188 3632 terent,
214 3571 296 3634 quos
321 3571 359 3612 eo
383 3547 454 3613 fere
476 3553 629 3635 tempore
651 3554 749 3612 natos
773 3570 846 3612 esse
863 3552 1005 3633 oportet,
1030 3545 1239 3630 aliquamdiu

66 3655 236 3739 dubitavi,
274 3678 351 3720 cum
385 3678 412 3720 a.
438 3652 540 3740 aaut
574 3655 669 3720 nulla
702 3677 756 3719 res
792 3653 1109 3719 commemoratione
1133 3652 1240 3738 digna

67 3763 302 3849 Xenophonti,
321 3769 486 3848 quantum
501 3763 635 3847 scimus,
653 3761 824 3827 acciderit.
860 3760 969 3826 Auxit
981 3760 1237 3844 dubitationem,
1318 3747 1321 3752 ¹

69 3870 130 3934 sed
154 3892 249 3956 spem
265 3893 397 3955 quoque
413 3871 530 3935 attulit
544 3869 732 3954 AucheruS,
756 3869 815 3954 qui
831 3891 916 3954 quae
933 3868 1022 3954 apud
1037 3867 1239 3932 Armenium

69 3977 165 4062 legit,
201 3979 250 4042 sic
284 3978 402 4043 vertit:
439 3978 490 4044 Ol.
514 3977 567 4061 95,
591 3977 614 4041 4
637 3976 832 4062 Xenophon
861 3976 975 4060 Grylli
1009 3981 1044 4040 et
1071 3975 1239 4040 Diodorae

69 4085 345 4170 cognoscebatur.
385 4085 505 4170 Itaque
530 4107 607 4150 cum
630 4084 693 4149 hac
716 4085 753 4148 in
768 4083 850 4148 urbe
866 4083 1001 4148 litteras
1016 4082 1238 4147 Armeniacas

68 4216 168 4257 nemo
194 4192 304 4277 sciret,
328 4193 510 4278 Ruehlius,
546 4192 736 4257 studiorum
770 4212 923 4255 meorum
957 4188 1070 4253 fautor
1093 4188 1238 4252 benevo-
