2880 4852
617 193 840 256 -9-.

131 375 269 440 omnino
303 373 433 437 mentio
468 395 537 438 non
564 372 626 456 fit,'
650 394 750 456 quem
785 371 816 435 si
850 372 1004 437 Socrates
1040 359 1193 451 ἀνέλαβεν
1231 367 1301 442 τοῖς
1365 373 1368 378 ’

131 470 235 560 ὤμοις
273 473 329 540 καὶ
365 470 484 540 ἔσωσεν
515 472 575 538 ἐπὶ
603 470 749 551 πολλοὺς
773 471 935 554 σταδίους,
959 466 1174 543 Alcibiades*
1190 498 1300 561 neque

131 611 201 654 non
224 587 342 653 videre
365 586 491 672 potuit,
528 608 637 671 neque
662 608 738 650 cum
763 585 936 651 Socratem
963 586 1157 672 praedicare
1185 584 1299 667 vellet,

132 695 426 784 praetermisisset.
484 695 604 778 Neque
642 692 838 778 Xenophon
875 716 1027 778 unquam
1065 715 1144 757 suae
1182 691 1301 756 salutis
1413 688 1417 701 ’

131 811 303 869 auctorem
328 824 400 867 esse
422 802 594 866 Socratem
618 801 715 884 dixit,
740 800 841 885 quod,
866 801 896 864 si
918 823 999 865 vera
1014 800 1185 883 Diogenes
1209 799 1301 864 Stra·

131 912 241 996 boque
264 916 455 992 narrarent,
491 908 636 972 maxime
665 914 755 972 esset
778 908 979 973 mirandum.
1028 908 1114 972 Cum
1137 905 1244 990 igitur
1266 927 1301 968 se

132 1043 162 1084 a.
186 1020 253 1082 432
276 1019 314 1083 in
337 1039 452 1103 pugna
475 1015 694 1081 Potidaeensi
718 1038 737 1080 a
761 1017 898 1081 Socrate
922 1022 1092 1080 servatum
1116 1036 1189 1078 esse
1209 1011 1301 1076 Alci·

132 1126 250 1191 biades
264 1125 355 1212 apud
367 1125 546 1190 Platonem
561 1130 676 1188 narret
688 1120 820 1210 (Symp.
833 1145 866 1208 p.
880 1123 945 1186 220
961 1117 1017 1205 (1.),
1032 1121 1189 1206 idemque
1205 1121 1302 1184 illum

131 1235 170 1298 in
202 1256 317 1320 pugna
344 1232 499 1297 Deliensi
531 1230 757 1297 fortissimum
792 1253 828 1294 se
854 1228 1068 1315 praestitisse
1091 1229 1189 1313 paulo
1213 1225 1318 1291 infra*

131 1341 258 1405 referat
281 1338 339 1422 (ib.
364 1363 396 1426 p.
422 1340 485 1403 221
504 1338 555 1422 a),
580 1338 663 1404 haee
687 1363 706 1403 a
729 1337 907 1404 Strabonis
930 1337 1165 1423 Diogenisque
1188 1340 1301 1399 aucto-

131 1448 226 1513 ribus
251 1445 391 1512 confusa
415 1454 515 1530 atque
538 1445 706 1533 permixta
730 1467 803 1509 esse
827 1451 976 1531 apparet,
1001 1443 1201 1530 praesertim
1225 1464 1302 1506 cum

132 1555 256 1623 iisdem
279 1553 359 1639 fere,
384 1553 506 1638 quibus
522 1555 634 1637 Plato,
657 1553 830 1638 Diogenes
854 1552 968 1617 verbis
991 1558 1107 1615 utatur
1131 1551 1243 1635 (Diog.
1256 1551 1302 1634 H,

133 1664 190 1726 23:
239 1651 291 1721 ὅτε
329 1655 384 1721 καὶ
429 1652 563 1720 πάντων
607 1651 790 1743 φενγόνεων
831 1650 1020 1743 Ἀθηναίων
1062 1647 1160 1730 αἰνὸς
1198 1646 1303 1740 ἠρέμα

133 1759 285 1850 ἀνεχώρει
325 1751 674 1851 παρεπνσνρεφόμενος
718 1755 824 1851 ἡσυχῆ
869 1761 924 1827 καὶ
971 1765 1077 1849 τηρῶν
1111 1754 1302 1842 ἀμύνασθαι

132 1869 167 1937 εἴ
186 1871 237 1949 εἰς
261 1868 289 1936 oi
317 1870 470 1936 ἐπέλθοι.
519 1875 612 1952 Quae
636 1873 725 1959 apud
747 1875 927 1967 Platonem
950 1874 1086 1958 optima,
1111 1871 1201 1958 apud
1220 1871 1302 1936 Dio·
1346 1944 1349 1951 ¹

132 2006 256 2069 genem
281 1982 425 2047 absurda
448 1989 543 2065 sunt,
580 2004 656 2046 cum
687 1981 841 2046 Socrates
864 1982 1131 2067 Xenophontem
1154 1978 1303 2044 humeris

132 2099 327 2184 susceptum
350 2094 509 2175 reportet.
555 2090 675 2174 Itaque
699 2112 784 2173 qnae
808 2089 849 2153 de
872 2087 1103 2174 Xenophonte
1126 2087 1164 2150 in
1186 2107 1301 2171 pugna

131 2198 286 2263 Deliensi
311 2195 482 2282 stipendia
504 2197 651 2260 merenti
673 2196 799 2261 tradita
822 2203 911 2280 sunt,
936 2195 1029 2259 omni
1052 2193 1300 2281 probabilitatis

131 2306 245 2392 specie
270 2311 394 2369 carent.
443 2303 511 2368 Ofr.
535 2304 651 2369 Cobet.
676 2304 762 2368 Nov.
787 2305 881 2368 Leot.
905 2327 938 2390 p.
964 2304 1030 2367 558
1054 2324 1102 2386 sq.

239 2411 393 2476 Alteram
417 2416 529 2475 autem
551 2411 594 2474 ad
608 2411 849 2497 Xenophontis
867 2416 1013 2474 aetatem
1029 2407 1301 2474 constituendam

131 2522 225 2586 viam
241 2519 417 2584 Nitschius
437 2518 622 2604 ,indagasse
646 2517 712 2582 sibi
727 2517 873 2602 videtur,
899 2518 957 2603 qui
982 2541 1059 2581 eum
1082 2516 1112 2580 si
1135 2536 1203 2578 non
1227 2516 1300 2601 ipso

131 2650 221 2692 anno
245 2627 321 2710 440,
346 2632 381 2691 at
404 2626 495 2689 inter
519 2649 546 2691 a.
571 2628 636 2691 442
662 2633 696 2690 et
718 2626 784 2690 436
812 2632 941 2691 natum.
962 2647 1035 2689 esse
1071 2607 1301 2687 demonstrare

132 2733 265 2799 studuit
299 2731 472 2818 (Absassg.
499 2732 530 2798 d.
555 2734 689 2797 Hellen.
714 2734 804 2798 Berl.
825 2734 920 2815 1871,
944 2754 977 2817 p.
995 2733 1037 2795 18
1061 2731 1157 2816 sqq).
1203 2729 1301 2807 Quod

131 2850 171 2907 ut
193 2842 322 2927 probet,
345 2840 618 2906 Memorabilium
634 2847 668 2906 et
684 2841 900 2907 Oeconomici
916 2846 949 2903 et
966 2839 1128 2905 Convivii
1138 2906 1140 2911 ⁴
1151 2838 1193 2902 iis
1217 2837 1300 2901 locis

130 2949 251 3032 utitur,
289 2946 411 3033 quibus
435 2947 605 3012 Critobuli
627 2953 662 3011 et
681 2947 893 3032 Euthydemi
916 2947 1045 3012 mentio
1073 2946 1122 3029 fit,
1159 2967 1301 3030 quorum

130 3064 311 3141 utrumque
335 3055 510 3140 aequalem
534 3054 604 3119 fere
620 3055 871 3148 Xenophontis,
896 3055 986 3119 hunc
1003 3054 1177 3139 aliquanto
1193 3053 1300 3116 mino·

129 3187 203 3228 rem
237 3171 337 3246 natu,
375 3163 473 3226 illum
507 3163 620 3248 paullo
656 3162 818 3226 maiorem
848 3162 954 3226 fuisse
988 3168 1095 3249 putat.
1153 3160 1300 3226 Socratis

130 3279 246 3336 autem
270 3293 347 3334 cum
372 3270 439 3333 illis
464 3269 631 3354 colloquia
654 3270 690 3333 in
714 3291 821 3333 annos
843 3271 1022 3335 422-418
1044 3268 1158 3351 refert,
1183 3269 1301 3331 Xeno-

129 3379 361 3466 phontemque
397 3377 504 3461 igitur
539 3377 598 3441 illo
633 3384 785 3462 tempore
818 3377 908 3441 circa
928 3384 1098 3443 octavum
1133 3374 1301 3439 decimum

129 3645 270 3716 magister
292 3661 321 3696 se
340 3643 470 3713 gesserit,
508 3648 713 3696 commemorat
733 3642 819 3711 (Plat.
845 3643 943 3715 Symp.
965 3663 992 3714 p.
1011 3645 1063 3696 221
1077 3641 1114 3711 a.)
1145 3660 1182 3695 ne
1212 3643 1301 3696 verbo

130 3735 245 3805 quidem
265 3751 347 3787 suam
367 3749 397 3786 se
417 3731 443 3785 ei
461 3732 585 3786 salutem
604 3730 659 3784 hoc
677 3735 807 3802 tempore
826 3732 956 3787 debuisse
978 3731 1136 3804 significat;
1166 3733 1243 3802 quod
1266 3732 1302 3785 si-

129 3824 252 3878 lentium
271 3822 342 3876 satis
361 3822 460 3877 vocale
485 3819 671 3875 censuerunt
692 3851 723 3858 -
744 3821 792 3891 At,
822 3841 936 3892 quaere,
965 3821 1107 3892 quomodo
1132 3821 1302 3877 adversatur

129 3912 305 3966 Plutarchus
319 3909 473 3965 Straboni?
493 3909 595 3963 Refert
612 3909 659 3964 hic
677 3911 902 3981 Xenophontem
920 3912 996 3982 apud
1014 3912 1129 3966 Delium
1148 3930 1166 3965 a
1184 3913 1302 3966 Socrate

128 4007 278 4055 servatum
297 4018 367 4069 esse,
395 4000 443 4053 ille
461 3998 640 4053 Alcibiadem
660 4000 735 4070 apud
754 4000 936 4070 Potidaeam3
964 4007 1119 4071 utrumque
1145 4018 1215 4057 vero
1243 4020 1301 4056 ser-

129 4109 199 4145 vare
218 4090 313 4161 potuit
332 4091 471 4143 Socrates
498 4088 533 4142 Id
554 4106 667 4158 quoque
685 4107 731 4143 me
750 4090 885 4159 ignorare
903 4089 1049 4163 profiteor,
1070 4092 1213 4161 quomodo
1225 4092 1301 4146 Aloi-

129 4180 228 4234 biades
256 4197 285 4233 se
309 4178 419 4232 Socrati
447 4177 524 4248 apud
549 4176 665 4231 Delium
688 4178 812 4233 salutem
839 4179 970 4234 debuisse
988 4179 1111 4234 referret
1133 4182 1172 4251 (p.
1192 4182 1243 4234 221
1263 4182 1301 4250 a),
1333 4164 1336 4169 ¹

129 4287 196 4323 cum
224 4269 300 4338 apud
328 4269 498 4322 Potidaeam
530 4284 561 4323 se
589 4267 626 4322 ab
653 4267 703 4322 illo
736 4274 884 4323 servatum
917 4287 978 4324 esse
1011 4270 1096 4323 modo
1124 4270 1302 4325 narravisset

129 4361 169 4432 (p.
183 4360 235 4412 220
248 4367 282 4424 e).
306 4358 352 4410 An
365 4363 448 4428 putat
461 4357 638 4431 KruegeruS,
652 4357 695 4412 bis
708 4375 769 4414 esse
782 4358 959 4414 Alcibiadem
973 4377 991 4412 a
1003 4358 1120 4414 Socrate
1134 4359 1300 4416 servatum?
