2880 4852
552 217 771 285 ..69.ω

75 406 128 464 631
155 406 190 463 61
217 397 509 464 Lacedaemoniis·
531 398 634 463 fidem
668 398 831 483 servavit,
868 397 971 463 etiam
1006 422 1082 464 cum
1117 406 1247 464 ceterae

73 507 242 572 Arcadiae
277 506 435 570 civitates
470 505 512 570 ab
546 506 590 570 iis
626 505 833 571 defecissent
860 503 963 589 (Hell.
988 506 1039 572 VI
1066 507 1095 590 5,
1125 507 1180 586 25)
1205 544 1246 552 —

73 616 244 678 Heraeam
268 613 353 696 dico,
379 613 451 677 eius
474 635 599 678 nomen
614 613 655 678 ab
676 613 719 678 iis
737 635 821 697 quae
837 613 1081 698 Neapolitanus
1099 613 1245 698 exhibet,

73 721 222 786 nimium
244 720 400 785 recedere
424 719 570 805 videtur,
596 742 797 805 quamquam
821 741 856 779 αι
874 725 947 804 61η
972 742 1071 805 saepe
1095 721 1133 785 in
1157 720 1247 785 codi-

73 828 170 893 cibus
202 833 387 894 mutantur.
433 828 553 912 ltaque
587 819 634 901 εἰς
666 819 724 911 τὴν
748 816 888 909 Ἡραίαν
923 827 1139 892 scribendum
1174 850 1247 892 esse
1347 851 1348 854 ¹

72 958 144 1001 non
167 934 335 1000 contendo
344 928 379 1018 ¹),
415 933 475 998 sed
509 934 591 998 satis
618 933 725 998 habeo
754 933 981 1017 constituisse,
1018 956 1133 999 eorum
1169 957 1244 999 sen·

72 1043 229 1126 tentiam,
243 1041 313 1127 qui
340 1040 606 1126 Xenophontem
633 1041 727 1105 Elim
755 1039 949 1125 confugisse
979 1040 1107 1126 dicunt,
1135 1065 1246 1127 neque

72 1149 283 1235 probabilem
296 1170 368 1213 esse
380 1170 491 1232 neque
504 1147 718 1232 antiquitatis
735 1147 942 1212 testimoniis
959 1148 1034 1214 niti.
1053 1184 1094 1192 -
1111 1149 1246 1214 Deinde

73 1279 152 1320 eum
167 1256 337 1341 Lepreum
360 1255 404 1319 ad
426 1255 515 1320 filios
539 1259 640 1339 atque
664 1277 741 1319 cum
765 1256 808 1319 iis
831 1254 1033 1319 Corinthum
1056 1254 1246 1342 profectum

73 1385 148 1427 esse
180 1363 373 1427 Dinarchus
405 1362 504 1426 163113
534 1367 591 1432 est,
608 1362 630 1426 1.
654 1363 691 1445 1.;
727 1361 904 1428 Nitschius
939 1384 1020 1427 vero
1056 1362 1146 1446 qnod
1180 1363 1246 1428 sibi

71 1469 250 1556 persuasit,
276 1468 966 1553 61161111611661610611111111111161,
1002 1461 1159 1554 Spartam
1187 1493 1245 1534 ve-

72 1561 168 1641 nisse
193 1583 293 1661 atque
316 1575 473 1662 Agesilai
497 1574 722 1662 expeditionis
753 1583 870 1641 contra
893 1575 1104 1640 Mantineam
1126 1576 1245 1641 urbem

71 1706 101 1748 a.
120 1684 185 1748 370
202 1690 376 1769 susceptae
393 1683 522 1747 socium
537 1682 644 1747 fuisse
659 1688 766 1770 putat,
785 1683 822 1747 id
837 1683 1001 1747 absonum
1019 1682 1156 1766 quidem
1176 1706 1246 1748 non

71 1796 134 1874 est,
165 1790 226 1854 sed
248 1791 338 1856 Hell.
363 1791 414 1855 VI
437 1790 467 1874 5,
500 1790 628 1854 10-21
658 1813 728 1855 non
756 1791 838 1855 satis
870 1791 1040 1876 probatur.
1089 1790 1246 1855 Corinthi

70 1903 186 1962 autem
220 1920 327 1982 usque
362 1896 404 1960 ad
435 1903 623 1961 extremum
658 1893 751 1963 ritae
787 1897 878 1961 diem
912 1901 1136 1962 commoratus
1172 1921 1245 1963 esse

69 2004 217 2089 videtur,
242 2026 319 2068 cum
343 2026 420 2068 eum
442 2003 508 2068 hac
531 2004 568 2068 in
591 2004 674 2068 urbe
698 2027 740 2068 ex
762 2004 835 2068 vita
859 2003 1055 2067 discessisse
1071 2003 1244 2090 Diogenes

69 2111 241 2176 Demetrii
263 2111 435 2195 Magnetis
459 2112 660 2176 auctoritate
683 2112 779 2175 nisus
802 2109 927 2174 referat
950 2108 1054 2194 (1156
1071 2110 1131 2176 cfr.
1148 2111 1243 2175 1153

70 2210 206 2301 ἔπεμψε
230 2210 305 2290 τοὺς
328 2214 456 2290 παῖδας
479 2210 526 2290 εἰς
541 2210 601 2291 τοὶς
614 2207 782 2302 Ἀθήνας).
821 2217 914 2294 Quae
931 2217 1022 2281 enim
1039 2240 1059 2282 a
1074 2218 1244 2282 Pausania

70 2327 103 2392 V
128 2326 159 2408 6,
190 2327 210 2389 6
241 2324 367 2389 tradita
395 2330 489 2409 sunt,
521 2325 580 2408 qui
608 2333 825 2409 exegetarum
854 2324 1014 2388 Eleorum
1044 2325 1241 2390 testimonio

68 2433 225 2498 adhibito
248 2431 511 2518 Xenophontem
546 2431 648 2495 venia
680 2455 721 2496 61
749 2430 921 2517 Olympici
949 2437 1086 2495 senatus
1114 2432 1241 2497 iudicio

68 2540 251 2625 impetrata
268 2538 470 2603 SciHuntem
486 2538 626 2602 rediisse
644 2538 759 2623 ibique
784 2539 875 2604 diem
898 2560 1092 2623 supremum
1116 2538 1241 2604 obiisse

65 2641 227 2730 narrat2),
256 2669 295 2710 ea
322 2645 364 2709 ab
387 2645 482 2711 Eleis
507 2645 549 2710 ad
572 2644 741 2710 invidiam
774 2645 953 2710 clarissimi
981 2645 1156 2732 scriptoris
1186 2670 1242 2711 ex·

64 2753 159 2839 pulsi
182 2751 402 2816 minuendam
425 2751 508 2817 ficta
532 2775 605 2817 esse
628 2753 789 2818 videntur
813 2752 972 2835 (Kruger.
991 2752 1088 2818 Stud.
1111 2754 1239 2820 11276.

65 2859 241 2946 Letronne
261 2860 283 2924 1.
305 2861 327 2925 l.
351 2882 383 2945 p.
402 2860 477 2923 382.
514 2859 629 2944 Grote,
654 2861 778 2924 Platon
800 2859 854 2922 D]
877 2859 953 2923 568.
978 2860 1022 2923 H.
1047 2859 1086 2924 of
1106 2861 1164 2926 Cr.
1181 2862 1237 2927 IX

67 2966 134 3031 246
159 2989 193 3030 n.
219 2966 260 3050 1),
287 2990 363 3031 cum
391 2989 460 3031 non
487 2966 640 3031 iudicum
669 2965 840 3031 sententia
867 2965 926 3030 1116
950 2965 1142 3051 excidisset,
1178 2968 1238 3032 sed

65 3073 195 3160 oppido
220 3080 412 3160 expugnato
436 3065 627 3157 φιλολάκων
649 3073 848 3158 aufugisset.

174 3181 279 3245 Brevi
294 3202 375 3245 vero
392 3187 544 3266 tempore
560 3187 738 3267 postquam
755 3179 958 3244 Corinthum
971 3181 1238 3266 transmigravit,

66 3311 146 3352 cum
169 3288 279 3373 patria
303 3288 341 3352 in
363 3288 510 3373 gratiam
533 3287 674 3352 rediisse
697 3286 843 3352 videtur.
875 3287 923 3350 Et
945 3287 1087 3352 rediisse
1103 3289 1241 3373 quidem

175 3482 202 3549 l)
238 3481 374 3536 Proxime
393 3481 430 3534 ad
449 3499 490 3550 ea,
514 3498 587 3551 quae
605 3480 814 3552 Neapolitanus
833 3480 958 3549 exhibet,
983 3472 1051 3546 Ὕλῃ
1078 3482 1235 3553 accederet,

65 3570 117 3627 sed
138 3570 199 3625 eius
217 3570 343 3624 nominis
363 3569 499 3641 oppidum
523 3569 553 3623 in
575 3571 775 3641 Peloponneso
798 3570 911 3623 nullum
934 3569 1090 3627 invenitur.
1112 3565 1238 3630 -Ἕλος

62 3661 96 3715 in
124 3660 209 3714 Elide
238 3665 480 3714 commemoratur
505 3677 522 3712 a
545 3658 686 3714 Strabone
704 3679 730 3731 p.
752 3661 803 3714 129
821 3659 874 3712 Kr.
906 3658 1032 3728 Curtius,
1051 3660 1233 3732 Peloponnes

64 3750 239 3819 ΙΙ114,47.

104 3882 108 3887 .
172 3840 201 3905 2)
237 3839 324 3892 Paus.
348 3838 375 3892 V
399 3839 424 3905 6,
448 3839 478 3891 6:
508 3839 543 3889 Οἱ
570 3835 601 3889 (ll
629 3830 743 3889 Ἠλείων
770 3838 895 3906 ἐξηγηταὶ
914 3842 1093 3908 κομίσασθαί
1109 3858 1136 3893 τε
1157 3834 1239 3899 αὖθις

62 3926 235 3980 Σκιλλοῦντα
253 3920 375 3983 Ἠλείους
394 3926 488 3995 ἔλεγον
506 3929 552 3977 καὶ
574 3912 742 3995 Ξενοφῶντα·
758 3918 799 3977 ὅτι
819 3926 897 3993 ἔλαβε
911 3919 987 3996 παρὰ
1000 3927 1238 4000 Λακεδαιμονίων

60 4009 111 4082 τὴν
129 4015 188 4085 γῆν,
209 4014 339 4086 κριθῆναι
352 4015 406 4087 μὲν
424 4017 453 4066 ἐν
471 4014 502 4086 τῇ
524 4008 673 4087 Ὀλυμπικῇ
689 4013 780 4086 βουλῇ,
799 4008 914 4083 τυχόντα
928 4013 960 4067 δὲ
978 4011 1142 4088 συγγνώμης
1160 4011 1237 4088 παρὰ

61 4099 177 4159 Ἠλείων
205 4097 292 4161 ἀδεῶς
323 4106 353 4156 ἐν
380 4103 542 4156 Σκιλλοῦντι
570 4104 687 4171 οἰκῆσαι.
717 4108 764 4156 καὶ
788 4096 821 4170 δὴ
846 4108 893 4156 καὶ
917 4097 1012 4174 ὀλίγον
1035 4100 1165 4177 ἀπωτέρω
1185 4106 1234 4159 τοῦ

62 4193 140 4265 ἱεροῦ
158 4187 257 4264 μνῆμά
269 4212 297 4245 τε
317 4192 455 4246 ἐδείκνυτο
474 4193 578 4260 καὶτῆς
591 4197 758 4266 Πεντέλγσίν
776 4196 833 4246 ἐστι
852 4197 1016 4265 λιθοτομίας
1034 4187 1115 4247 εἰκῶν
1133 4197 1180 4247 ἐπὶ
1200 4195 1237 4263 τῷ

59 4277 149 4352 τάφῳ·
170 4282 241 4337 εἶναι
262 4281 292 4334 δὲ
317 4275 383 4335 αὐτὸ
403 4281 578 4353 Ξενοφῶντος
600 4286 729 4352 λέγουσιν
751 4286 778 4336 οἱ
801 4282 1020 4354 προσοικοῦντες.
1046 4312 1077 4321 -
1106 4283 1236 4354 Apparet

61 4372 161 4449 igitur,
181 4390 287 4427 nomen
310 4372 516 4444 Xenophontis
535 4372 576 4426 illi
594 4374 724 4443 sepulcro
743 4372 913 4444 inscriptum
932 4390 991 4426 non
1009 4371 1107 4427 fuisse.
1124 4388 1127 4394 ’
