2880 4852
687 212 906 276 -26-

211 388 341 454 vidisse
366 389 451 455 dicit
473 391 495 456 l.
520 391 541 455 l.
568 400 609 434 “-
634 390 672 455 Si
694 412 774 454 vero
798 389 887 454 filios
910 390 978 454 iam
1003 414 1031 454 a.
1049 391 1114 455 398
1130 392 1184 456 vel
1201 391 1265 455 397
1286 396 1384 456 natos

211 519 284 560 esse
300 496 453 581 facimus,
478 496 607 584 optime
624 519 701 561 cum
716 503 831 561 nostra
846 497 977 562 ratione
993 498 1163 582 convenit,
1189 498 1386 583 quodcirca

210 627 239 669 a.
252 660 255 666 .
269 605 334 668 392
363 604 560 690 Xenophon
594 604 683 669 filios
712 604 869 689 Spartam
904 605 1096 690 arcessivit,
1131 612 1171 688 ut
1204 628 1273 670 una
1307 629 1385 670 cum

211 710 388 797 Spartanis
411 710 526 797 pueris
551 711 788 794 educarentur,
828 712 908 775 na'm
936 710 1017 776 inde
1041 733 1060 776 a
1083 712 1227 798 septimo
1262 713 1385 777 aetatis

210 840 299 900 anno
319 817 472 904 ,Spartae
505 818 603 903 pueri
635 817 771 903 publice
806 817 943 882 educari
978 818 1190 905 incipiebant
1225 819 1384 904 (Gilbert,

167 1009 170 1015 ι
210 926 269 990 Gr.
295 925 466 990 Staatsalt.
491 920 610 1008 161).
649 924 788 1009 Gryllus
812 925 920 1010 igitur
943 948 1019 989 cum
1043 948 1072 990 a.
1096 926 1161 990 362
1185 933 1384 1011 moreretur,

208 1030 420 1096 tricesimum
450 1038 583 1095 sextum
610 1030 681 1095 fere
711 1032 832 1096 aetatis
862 1054 989 1096 annum
1013 1027 1178 1118 agebat1),
1213 1032 1386 1098 Diodorus

209 1138 420 1203 tricesimum
459 1138 626 1223 quintum.
693 1139 785 1203 Huic
819 1138 910 1203 filius
945 1138 1013 1205 fuit
1047 1162 1067 1203 a
1100 1139 1206 1204 fratre
1243 1141 1386 1225 Gryllus

209 1246 406 1346 appellatus,
431 1245 491 1330 qui
513 1251 591 1331 post
613 1268 765 1332 pugnam
788 1246 1043 1311 Mantinensem
1065 1253 1166 1311 natus
1190 1269 1263 1311 esse
1287 1247 1385 1312 vide-

209 1358 266 1416 tur
293 1349 415 1438 (Diog.
440 1352 477 1416 H
511 1349 589 1435 52).
637 1352 705 1418 Sed
736 1358 807 1417 tam
843 1353 962 1438 Gryllo
998 1376 1099 1438 quam
1130 1354 1280 1419 Diodoro
1316 1355 1387 1419 iam

209 1466 309 1524 antea
332 1459 423 1523 filius
448 1481 521 1524 esse
544 1460 666 1546 potuit,
692 1483 792 1545 quem
814 1459 1057 1546 Xenophontis
1074 1460 1239 1546 Aeschyli
1263 1461 1386 1526 adver-

209 1566 291 1631 sarii
314 1572 447 1653 patrem
463 1566 569 1631 fuisse
586 1567 739 1632 conicere
763 1567 838 1652 quis
861 1573 986 1653 posset.
1004 1603 1045 1611 —
1062 1568 1111 1633 At
1127 1591 1204 1633 cum
1225 1568 1266 1633 de
1282 1569 1387 1634 huius

207 1673 451 1760 Xenophontis
475 1674 607 1759 origine
630 1674 794 1739 traditum
824 1674 914 1739 nihil
941 1675 1001 1759 sit,
1035 1675 1100 1739 hoc
1129 1674 1270 1760 quisque
1303 1675 1382 1759 sibi,

207 1788 247 1845 ut
279 1782 386 1866 volet,
426 1781 641 1867 persuadeat3
678 1804 741 1866 ego
777 1781 852 1846 fieri
886 1804 955 1846 non
989 1804 1086 1868 posse
1122 1781 1304 1867 contendo,
1341 1788 1382 1847 ut

208 1887 466 1974 Xenophontis,
491 1891 592 1973 'quem
616 1893 732 1952 contra
754 1888 947 1952 Dinarchus
971 1889 1158 1953 orationem
1183 1890 1386 1975 composuit,

207 2001 305 2081 pater
320 2001 465 2078 eruatur,
484 2018 586 2080 quare
601 2017 711 2080 neque
728 1995 847 2059 Grotio
863 2018 973 2079 neque
987 1995 1253 2062 Wilamowitzio
1269 2019 1386 2062 assen-

208 2102 275 2167 tior
298 2101 352 2182 (cf.
370 2125 402 2188 p.
420 2103 441 2166 2
458 2098 541 2187 seq.)
571 2107 605 2166 et
622 2124 707 2186 quae
723 2102 937 2167 Beckhusius
955 2102 997 2167 de
1012 2102 1252 2188 Xenophonte,
1270 2104 1387 2189 Grylli

208 2208 289 2293 filie,
314 2209 474 2274 Isocratis
491 2200 657 2295 discipulo
679 2208 745 2272 sibi
768 2209 879 2293 finxit,
905 2232 943 2273 ea
967 2232 1058 2274 mera
1082 2217 1272 2275 commenta
1296 2210 1384 2305 dico.

209 2399 286 2490 §a
334 2404 504 2490 Xenophon
528 2402 683 2473 Scillunte
712 2404 867 2490 expulsus
891 2403 1073 2473 corinthum
1102 2421 1140 2472 se
1168 2402 1299 2473 confert
1331 2405 1386 2474 est

535 2511 846 2580 sceftoniensibus
871 2512 1057 2581 revocatur.
1145 2545 1157 2597 Α,

299 2637 367 2703 Sed
383 2643 422 2701 ut
439 2659 500 2723 per
516 2636 682 2721 reliquam
694 2643 805 2702 aetate
815 2638 982 2703 Scillunte
995 2638 1102 2702 uitam
1116 2659 1269 2703 securam
1281 2637 1385 2724 dege-

208 2752 270 2829 ret,
287 2744 511 2831 Xenophonti
526 2766 596 2808 non
613 2744 768 2830 contigit.
793 2745 871 2809 Elei
888 2745 979 2809 enim
990 2744 1145 2839 Diogene
1163 2751 1197 2809 et
1212 2747 1386 2811 Pausania

208 2852 353 2916 testibus
360 2846 385 2930 2)
399 2851 549 2915 exercitu
562 2845 678 2917 contra
688 2852 851 2939 oppidum
863 2851 1017 2938 profecti,
1031 2874 1108 2916 cum
1119 2852 1386 2918 Lacedaemonii

212 2981 281 3023 non
316 2958 400 3022 satis
429 2958 584 3023 celeriter
611 2959 942 3049 auxiliumnferrent,
979 2966 1279 3045 expugnaverunt3
1318 2983 1386 3045 quo

98 3120 99 3124 ,
216 3065 305 3130 facto
328 3064 526 3151 Xenophon
554 3066 713 3151 expulsus
742 3072 804 3131 est.
852 3066 951 3143 Quod
986 3089 1051 3151 quo
1078 3089 1175 3131 anno
1211 3066 1386 3152 acciderit,

138 3202 141 3208 ¹
212 3172 377 3238 traditum
402 3172 540 3257 quidem
562 3195 632 3238 non
660 3178 720 3257 est,
758 3173 818 3238 sed
852 3173 925 3239 fore
948 3181 987 3239 111
1011 3174 1202 3239 coniectura
1226 3196 1386 3258 assequa-

212 3303 297 3364 mur,
328 3303 435 3366 sper0.
481 3282 569 3346 Nam
598 3297 680 3366 quas
710 3281 811 3345 urbes
835 3304 863 3345 0.
887 3281 955 3344 400
978 3303 997 3344 0
1019 3279 1298 3345 Lacedaemoniis
1328 3281 1387 3346 de-

211 3387 297 3452 victi
312 3387 390 3483 Elei
410 3388 603 3471 amiserant,
629 3388 830 3453 Scilluntem
850 3388 935 3471 dico,
960 3387 1158 3471 Marganen,
1183 3388 1385 3473 Triphyliae

211 3517 276 3579 que
311 3493 437 3581 oppida
470 3491 574 3578 (Hell.
598 3494 706 3580 1112,
732 3496 784 3559 30.
816 3496 926 3561 Grote'
944 3496 989 3560 H.
1014 3517 1042 3560 o.
1076 3495 1134 3560 Gr.v
1161 3496 1216 3559 IX
1246 3495 1311 3559 316
1336 3491 1385 3579 n),

319 3739 345 3811 1)
381 3740 753 3797 Neminem'assentiente'm
766 3741 884 3796 habebit
894 3741 1046 3812 BergkiuS,
1060 3741 1109 3811 qui
1123 3740 1159 3794 ab
1169 3740 1288 3794 Heroda
1300 3746 1387 3812 poeta

211 3831 347 3902 Gryllum
373 3830 579 3903 Xenophontis
597 3830 692 3885 filium
711 3836 968 3885 commemoratum
986 3830 1050 3884 vult
1068 3830 1150 3896 (Her.
1163 3829 1219 3901 frg.
1234 3831 1258 3883 1.
1279 3830 1385 3901 Bergk.

118 3986 122 3994 ¹
210 3923 292 3975 Poet.
307 3922 376 3991 Lyr.
395 3921 445 3975 Gr.
459 3920 490 3974 ΙΙ
502 3920 575 3989 509),
595 3938 660 3974 cum
673 3920 805 3974 Herodes
817 3920 909 3973 multo
928 3917 1086 3990 posteriore
1104 3924 1234 3988 tempore
1252 3916 1387 3973 floruisse

212 4010 348 4065 videatur
368 4008 431 4079 (cfr.
445 4009 578 4064 Meineke
596 4008 680 4064 Anal.
694 4009 776 4064 Alex.
796 4010 893 4080 p.399.
920 4008 1103 4089 ¹Bernhardy
1122 4008 1171 4062 Gr.
1191 4007 1261 4062 Litt.
1281 4008 1386 4062 Gesch.

254 4096 266 4134 2

211 4099 242 4152 Π
285 4101 309 4169 1,
319 4097 470 4259 {willog
494 4187 527 4240 L.
551 4188 582 4242 II
605 4189 669 4266 531ι
685 4191 774 4258 φασὶν
798 4186 828 4239 δὲ
852 4180 975 4244 Ἠλείους
998 4190 1252 4257 στρατευσαμένους
1275 4190 1315 4245 εἰς
1339 4179 1388 4239 τὸν

106 4286 112 4353 ’4
216 4276 388 4330 Σκιλλοῦντα
401 4269 596 4348 βραδυνόντων
607 4275 661 4328 τῶν
673 4275 910 4348 Λακεδαιμονίων
924 4277 1022 4335 ἐξελεῖν
1034 4267 1064 4327 111
1074 4282 1187 4345 χωρίον.
1217 4276 1303 4328 Paus.
1317 4277 1344 4330 V
1358 4277 1387 4334 6:

214 4369 247 4420 οἱ
261 4365 292 4419 δὲ
312 4358 426 4420 Ἠλείων
454 4368 578 4435 ἐξηγηταὶ
608 4371 787 4438 κομίσασθαί
808 4384 834 4418 τε
855 4358 937 4423 αὖθις
955 4364 1123 4417 Σκιλλοῦντα
1142 4359 1264 4422 Ἠλείους
1282 4365 1386 4434 ἔλεγον.
