2904 4846
679 191 898 259 ..78-

205 357 284 440 ante
318 373 547 460 Platonicum,
583 374 643 440 sed
676 380 755 461 post
789 374 1050 441 Oeconomicum
1079 379 1113 438 et
1140 373 1374 440 Memorabilia

206 481 360 547 confecta
394 482 559 569 scriptum
594 486 680 546 esse‘
703 481 946 546 existimemus
992 481 1112 566 Itaque
1141 482 1248 567 siquis
1283 482 1374 548 inter

204 612 233 654 a.
258 589 324 654 380
347 595 381 653 et
404 590 469 654 376
493 587 564 653 fere
588 589 793 653 Conuiuium
817 588 1042 675 compositum
1065 593 1192 665 censet,
1215 587 1374 674 equidem

203 717 273 760 non
297 700 413 760 contra
437 695 521 761 dico.

610 834 711 924 52⁰.
758 837 801 905 ne
825 837 969 906 Hierone.

312 963 399 1028 Cum
422 963 459 1027 in
482 961 579 1027 libris
597 946 777 1028 Socraticis
797 963 890 1027 nulla
905 962 976 1028 fere
993 963 1154 1050 temporis
1171 962 1374 1028 documenta

204 1070 438 1154 inveniantur,
475 1069 535 1134 sed
569 1068 612 1133 ad
646 1076 848 1154 argumenta
882 1070 954 1134 sive
990 1070 1200 1134 extrinsecus
1228 1068 1374 1155 repetita

204 1177 276 1241 sive
300 1174 488 1260 exgenere
512 1175 650 1240 dicendi
677 1175 779 1241 ducta
805 1175 1046 1241 recurrendum
1073 1175 1190 1260 fuerit,
1226 1175 1374 1241 libenter

203 1283 244 1349 ad
270 1283 396 1369 scripta
418 1283 557 1369 politica
580 1289 729 1367 transeo,
765 1283 951 1348 Hieronem
987 1282 1079 1368 dice,
1115 1282 1371 1370 Cyropaediam,

203 1390 336 1454 libellos
361 1388 403 1453 de
426 1388 771 1455 Lacedaemoniorum
798 1389 971 1476 republica
999 1396 1033 1455 et
1064 1390 1106 1455 de
1134 1389 1370 1474 vectigalibus.

204 1496 297 1574 Quae
321 1519 387 1581 quo
415 1502 566 1582 tempore
596 1497 781 1583 composita
809 1497 892 1581 sint,
928 1497 1116 1562 rationibus
1152 1497 1235 1561 satis
1271 1497 1372 1561 certis

204 1603 409 1668 constituere
431 1626 618 1689 possumne.
651 1603 766 1688 Atque
789 1603 938 1689 primum
962 1602 1004 1667 de
1020 1603 1197 1668 Hierone
1221 1626 1370 1689 agamus,

204 1733 304 1796 quem
333 1711 468 1783 illorum
496 1709 658 1774 librorum
682 1709 796 1775 aetate
815 1712 962 1796 primum
986 1711 1152 1775 existimo.
1200 1710 1306 1775 Cuius
1330 1709 1371 1774 de

203 1816 270 1882 fide
295 1840 371 1882 cum
387 1817 543 1883 Ranlrius
567 1817 661 1897 (Vita
684 1818 774 1881 Xen.
799 1839 830 1902 p.
856 1817 911 1896 25)
936 1824 970 1882 et
986 1817 1184 1904 Oaspersius
1208 1816 1262 1896 (de
1280 1818 1370 1882 Xen.

203 1947 289 2008 quae
313 1923 421 1989 fertur
443 1923 611 2010 Apologia
627 1948 659 2011 p.
676 1921 711 2006 8)
735 1923 844 1988 obiter
867 1923 1089 2008 dubitassent,
1114 1925 1278 1990 Sitzlerus
1295 1946 1371 1988 eum

203 2053 223 2096 a
237 2031 468 2116 Xenophonte
492 2029 753 2095 abiudicandum
774 2030 841 2095 sibi
856 2031 1002 2117 sumpsit
1025 2029 1090 2116 (De
1106 2032 1169 2096 X's
1189 2031 1248 2116 qui
1263 2030 1371 2095 fertur

201 2138 352 2202 Hierone
390 2133 503 2220 1876);
552 2137 611 2222 qui
629 2149 630 2153 ’
651 2136 739 2221 quod
777 2137 901 2220 voluit,
954 2137 1041 2202 mihi
1090 2161 1160 2203 non
1202 2138 1370 2224 probavit.

200 2245 320 2329 Neque
344 2244 436 2308 enim
452 2251 691 2329 argumentum
707 2265 749 2307 ex
764 2248 955 2330 temporum
970 2245 1102 2310 ratione
1119 2243 1232 2310 afferri
1248 2251 1371 2333 potest,

201 2374 267 2437 quo
307 2374 326 2416 a
363 2351 594 2438 Xenophonte
637 2351 762 2417 librum
798 2351 900 2416 scribi
937 2373 1007 2416 non
1044 2352 1195 2437 potuisse
1234 2351 1371 2418 demon·

203 2465 329 2524 stretur
352 2465 386 2523 et
410 2457 515 2524 dictio
538 2481 675 2546 prorsus
698 2458 950 2544 Xenophontea
973 2465 1034 2524 est.
1068 2458 1165 2536 Quod
1188 2481 1268 2525 vero
1293 2481 1370 2525 con-

200 2567 315 2631 silium
338 2565 580 2651 Xenophontis
609 2565 727 2648 fuerit,
763 2588 839 2630 cum
870 2564 911 2630 de
935 2567 1075 2650 tyranni
1098 2565 1297 2631 condicione
1321 2566 1371 2630 di-

187 2679 337 2760 ¹sputare
361 2671 612 2758 aggrederetur,
636 2693 705 2736 non
728 2694 864 2758 prorsus
888 2679 1037 2760 apparet.
1076 2674 1164 2738 Nam
1181 2696 1266 2758 quae
1282 2673 1372 2760 apud

199 2779 416 2845 Athenaeum
444 2779 618 2863 leguntur,
655 2778 725 2863 qui
742 2801 819 2843 eum
847 2779 936 2864 apud
959 2779 1164 2864 Dionysium
1187 2786 1372 2864 tyrannum

200 2893 376 2973 potantem
399 2885 496 2970 facit,
526 2909 565 2950 ea
587 2884 779 2971 probabilia
802 2908 871 2950 non
894 2885 994 2969 du003
1030 2909 1140 2972 neque
1165 2887 1272 2971 enim,
1296 2869 1373 2952 uter

199 2993 402 3079 Dionysius,
437 2993 546 3057 maior
573 2993 737 3075 minorve,
762 2992 1013 3079 intellegendus
1038 2993 1098 3078 sit,
1133 2994 1192 3058 ille
1228 2994 1372 3081 aperuit,

199 3123 311 3186 neque
333 3099 426 3164 unde
450 3100 544 3164 illam
567 3099 797 3164 narrationem
820 3101 985 3184 hauserit,
1014 3123 1124 3185 neque
1149 3100 1190 3166 ab
1213 3102 1282 3166 ullo
1307 3100 1372 3166 alio

203 3208 365 3294 scriptore
389 3206 631 3294 Xenophontis
654 3206 692 3270 in
716 3207 869 3272 Siciliam
892 3207 958 3272 iter
981 3214 1271 3274 commemoratur.
1304 3209 1372 3273 Ex-

200 3315 296 3380 hibet
307 3336 387 3380 vero
399 3308 595 3378 Athenaeus
607 3314 739 3378 Xlaue
754 3314 851 3378 haec:
873 3303 940 3375 Οὐκ
956 3308 1098 3392 ἐμέθυον
1114 3309 1150 3375 δὲ
1168 3306 1197 3375 ol
1212 3306 1336 3376 ποίλοει.
1347 3362 1371 3377 ..

201 3418 358 3506 Ξενοφῶν
386 3420 462 3502 γοῦν
485 3410 502 3480 ὁ
527 3411 673 3504 Γρύλλου
696 3412 790 3504 πυροὶ
815 3413 978 3502 Διονυσίῳ
1007 3415 1092 3481 ποτὲ
1120 3421 1168 3502 τῷ
1192 3404 1371 3507 Σικελιώτῃ

200 3520 310 3588 πίνειν
333 3516 570 3609 ἆναγλοίζονεος
593 3526 651 3587 νοῦ
676 3519 823 3604 οἰνοχόου
847 3519 1114 3612 προσαγορεύσας
1139 3517 1296 3606 ὀνομαστὶ
1317 3521 1373 3589 τὸν

200 3627 367 3719 τυραννον·
398 3627 439 3694 Τί
455 3625 504 3718 δή,
524 3625 597 3718 ἔφη,
624 3616 651 3694 ὦ
667 3626 829 3710 Διονύσιε,
855 3624 926 3710 οὐχί
946 3629 1003 3695 κοί
1021 3624 1037 3695 ὃ
1056 3623 1227 3718 ὀψοποιὸς
1243 3624 1373 3716 ἀγαθὸς

201 3730 247 3802 ὢν
268 3736 325 3801 καί
348 3733 505 3814 ποικίλος
528 3729 702 3821 ἀνάγκοίζει
725 3730 811 3825 ἡμᾶς
835 3730 1071 3819 εὐωχουμένους
1094 3734 1221 3803 ἐσθίειν
1243 3736 1300 3802 καί
1325 3735 1370 3826 μὴ

200 3841 426 3928 βουλομένους,
462 3837 546 3907 ἀλλὰ
576 3841 722 3926 κοσμίους
755 3838 835 3932 ἡμῖν
868 3841 1080 3932 παρατίθησι
1115 3840 1174 3933 τὴν
1207 3840 1372 3933 τράπεζαν

203 3955 317 4039 σιγιῦν;
354 3991 395 3998 -
431 3955 519 4020 Mihi
553 3954 636 4020 haec
670 3955 925 4021 narratiuncula
954 3979 995 4020 ex
1028 3956 1197 4021 Convivio
1227 3955 1372 4041 quodam

200 4064 348 4150 repetita
386 4062 539 4147 videtur,
575 4085 677 4147 quare
716 4063 748 4128 ei
782 4062 884 4127 fidem
918 4063 1049 4127 nullam
1083 4063 1196 4128 tribuo
1204 4057 1238 4142 ¹).
1300 4063 1373 4129 Alii

310 4256 336 4328 l)
373 4258 480 4311 Veram
498 4261 596 4311 autem
622 4275 682 4311 esse
707 4255 762 4310 sibi
780 4260 985 4329 persuaserunt
1004 4261 1033 4310 et
1052 4234 1199 4310 Bentleius
1218 4255 1328 4323 (Briefe
1345 4255 1371 4310 d.

203 4348 337 4404 Phalaris
356 4368 383 4419 p.
403 4348 454 4400 557
474 4345 579 4416 Biha),
599 4352 627 4401 et
646 4345 828 4415 Letronnius,
847 4345 896 4416 qui
909 4345 1132 4416 Xenophontem
1152 4345 1189 4399 ad
1201 4346 1371 4416 Dionysium
