2880 4852
610 225 829 289 „37..

127 401 238 466 aetati
260 401 458 488 respondet;
483 409 556 467 tum
577 402 751 488 aliquanto
767 402 979 488 frequentius
994 394 1067 488 μήν,
1085 411 1186 489 atque
1202 404 1306 470 etiam

130 501 168 587 γὲ
192 498 256 593 μήν
278 508 316 573 in
338 510 632 595 Memorabilibus,
656 510 823 596 Hierone,
848 510 1027 596 Convivi0,
1051 511 1305 577 Hellenieorum

129 620 229 700 parte
252 616 367 701 altera,
384 616 545 702 Anabasi,
563 617 775 704 Oyropaedia
791 618 980 702 invenitur3
1003 624 1141 705 quartae
1158 617 1305 704 denique
1406 613 1408 617 ’

130 722 238 787 aetati
252 723 385 789 libellos
403 724 445 789 de
461 724 687 810 vectigalibus
704 731 738 790 et
751 724 792 790 de
804 748 839 790 re
856 726 1015 811 equestri,
1027 725 1305 812 Hipparchicum,

129 829 476 897 Lacedaemoniorum
489 820 1005 918 rempublicam,Hellenicorum
1017 833 1153 898 tertiam
1162 839 1305 918 partem,
1397 867 1398 870 ¹

132 935 355 1022 [Agesilaum]
385 938 493 1023 dedit,
527 940 564 1003 in
599 940 721 1024 quibus
745 934 780 1021 γὲ
802 931 868 1024 μήν
907 940 1014 1004 multo
1044 940 1178 1025 saepius
1203 963 1305 1025 quam

131 1033 218 1104 ἀλλὰ
241 1036 304 1129 μήν
328 1053 361 1111 et
384 1040 441 1106 καὶ
456 1037 521 1131 μήν
540 1047 675 1131 legitur,
700 1053 800 1132 atque
821 1047 858 1111 in
873 1045 1034 1112 brevibus
1051 1047 1119 1112 illis
1136 1069 1304 1112 commen-

130 1152 318 1218 tationibus
335 1152 417 1218 adeo
433 1153 638 1238 frequenter,
660 1161 698 1218 ut
714 1153 865 1219 taedium
880 1154 1070 1239 legentium
1088 1160 1272 1220 moveatur.
1279 1149 1305 1237 1)

130 1259 224 1324 Num
247 1260 337 1324 inter
361 1282 417 1325 eos
440 1261 554 1344 libros,
596 1283 678 1346 quos
707 1261 829 1346 tertiae
857 1261 962 1327 aetati
990 1261 1162 1347 attribuit,
1193 1268 1305 1326 certus

130 1365 214 1431 ordo
249 1367 414 1432 constitui
447 1367 570 1454 possit,
617 1368 788 1434 dubitavit
836 1368 974 1454 quidem
1007 1368 1304 1455 Dittenbergerus,

130 1481 248 1539 tamen
283 1475 374 1540 inter
409 1475 561 1540 eiusdem
595 1475 731 1560 generis
766 1475 893 1562 scripta
928 1475 1133 1541 constituere
1165 1481 1305 1541 conatus

129 1582 351 1667 Symposium
364 1589 441 1668 post
450 1583 695 1669 Memorabilia,
709 1582 957 1670 Cyropaediam
964 1583 1306 1670 postHellenicorum

128 1695 266 1775 partem
297 1689 480 1754 secundam
508 1696 542 1755 et
568 1689 755 1756 Anabasim
784 1687 899 1775 (quarn
922 1690 1177 1755 Hellenicorum
1200 1690 1306 1755 altera

127 1802 228 1882 parte
262 1797 483 1882 posteriorem
518 1820 591 1862 esse
626 1797 783 1862 Nitschio
819 1797 998 1876 concessit)
1034 1797 1196 1884 scriptam
1231 1819 1306 1862 esse

128 1903 276 1968 censuit.
308 1903 383 1981 Qua
398 1905 436 1968 in
451 1927 488 1968 re
504 1904 634 1970 duobus
650 1905 709 1969 ille
725 1905 934 1990 argumentis
950 1927 1031 1969 usus
1048 1910 1109 1970 est.
1149 1903 1304 1970 Primum

129 2011 226 2074 enim
250 2032 305 2075 eos
329 2011 443 2096 libros,
467 2012 504 2076 in
528 2011 650 2096 quibus
670 2002 735 2096 μήν
751 2034 828 2077 cum
842 2011 1043 2098 pronomine
1059 2011 1305 2097 interrogativo

130 2118 352 2183 coniunctum
381 2125 445 2203 est,
482 2119 557 2184 aliis
591 2119 743 2184 eiusdem
772 2119 908 2204 generis
937 2119 1073 2207 scriptis
1101 2119 1305 2206 posteriores

129 2248 206 2289 esse
237 2226 383 2307 censuit,
417 2249 494 2291 cum
529 2226 619 2312 apud
652 2226 775 2312 prioris
805 2226 928 2291 aetatis
957 2226 1137 2313 scriptores
1166 2219 1217 2300 τίς
1239 2217 1305 2310 μήν

128 2354 207 2397 raro
230 2334 376 2419 legatur3
402 2333 526 2399 deinde
551 2334 757 2398 Conuiuium
780 2340 856 2419 post
879 2333 1115 2398 Memorabilia
1138 2324 1328 2420 composi-⁵

130 2447 205 2505 tum
231 2463 303 2504 esse
327 2441 536 2506 existimavit
572 2446 762 2527 propterea,
793 2440 883 2525 quod
913 2439 951 2504 in
974 2439 1027 2504 his
1052 2433 1087 2521 γὲ
1109 2431 1174 2525 μήν
1195 2441 1303 2506 multo
1375 2496 1384 2509 ,

129 2547 241 2612 rarius
264 2548 390 2633 legitur
413 2571 514 2633 quam
537 2536 621 2608 ἀλλὰ
645 2554 680 2612 et
703 2541 757 2608 καὶ
781 2537 847 2631 μήν
870 2546 992 2626 (sexies
1014 2547 1106 2612 enim
1129 2547 1306 2612 invenitur

130 2649 167 2736 ys*
194 2645 259 2739 μήν
285 2655 323 2719 in
349 2655 636 2739 Memorabilibus,
667 2653 895 2720 duodetricies
919 2643 1004 2715 ἀλλὰ
1026 2645 1106 2738 μήν,
1136 2654 1245 2719 sexies
1270 2660 1304 2719 et

131 2761 239 2826 vicies
263 2756 320 2822 καὶ
342 2754 429 2848 μήν),
454 2763 492 2827 in
514 2763 574 2827 illo
598 2763 733 2849 saepius
757 2754 792 2842 γὲ
806 2753 872 2847 μήν
895 2784 996 2846 quam
1012 2750 1097 2822 dilui
1113 2765 1148 2825 et
1168 2755 1225 2822 καὶ
1240 2752 1305 2846 μήν

130 2867 311 2953 (tredecies
336 2870 427 2935 enim
450 2869 577 2956 legitur
600 2864 634 2951 γὲ
656 2860 729 2954 μήν,
755 2874 875 2955 quater
897 2857 982 2929 ἀλλὰ
1005 2859 1081 2954 μήν,
1105 2868 1224 2934 novies
1247 2861 1304 2929 καὶ

242 3133 268 3204 1)
304 3135 424 3202 Silentio
443 3133 598 3207 praeterire
616 3134 692 3204 n010,
720 3139 788 3188 ante
810 3134 1065 3204 Dittenbergerum
1090 3132 1305 3187 Beckhausium

129 3230 273 3296 quantum
300 3225 376 3279 inter
402 3242 433 3279 se
450 3223 654 3294 Xenophontis
672 3223 739 3277 libri
766 3241 820 3277 usu
847 3221 1005 3294 particulae
1037 3222 1068 3290 γὲ
1088 3215 1145 3294 μήν
1163 3219 1303 3276 differant

131 3314 382 3379 animadvertisse,
411 3313 465 3383 (De
488 3311 633 3383 Agesilao,
662 3311 711 3383 qui
739 3313 833 3368 fertur
859 3311 1072 3384 Xenophonteo
1100 3330 1127 3382 p.
1156 3312 1211 3378 35).
1249 3311 1305 3366 Sed

130 3403 241 3458 nullius
258 3404 343 3475 plane
362 3402 501 3456 momenti
520 3406 597 3471 sunt,
617 3420 689 3472 quae
708 3400 756 3456 ille
775 3401 943 3473 disputavit,
974 3419 1040 3455 cum
1067 3400 1129 3454 sine
1156 3401 1216 3455 ulla
1242 3400 1305 3456 dili-

131 3492 233 3564 gentia
251 3492 337 3561 locos,
358 3484 461 3562 quibus
480 3491 511 3560 γὲ
524 3484 581 3562 μήν
599 3491 722 3561 legatur,
742 3490 901 3562 collegerit;
926 3491 1007 3545 velut
1026 3488 1161 3545 Convivii
1179 3489 1305 3561 quinque

131 3584 213 3636 locos
234 3582 359 3650 exhibet,
384 3598 450 3634 cum
477 3580 508 3649 γὲ
534 3571 590 3652 μὴν
608 3579 747 3634 tredecies
764 3581 887 3652 legatur,
916 3579 1112 3652 Cyropaediae
1129 3579 1148 3632 l.
1167 3578 1198 3632 II
1226 3579 1306 3649 duos,

130 3690 200 3725 cum
218 3671 331 3742 septies.
353 3700 384 3709 —
404 3669 516 3724 Deinde
534 3669 725 3723 Naumannus
749 3669 902 3741 diligenter
925 3674 1012 3740 atque
1036 3674 1169 3724 accurate
1188 3662 1305 3739 collegit

130 3761 189 3830 (De
207 3760 281 3815 Xen.
301 3760 396 3815 libello
422 3758 471 3829 qui
490 3762 562 3810 Λακ.
583 3760 644 3810 πολ.
664 3757 780 3813 inscrib.
799 3777 826 3830 p.
844 3759 900 3828 49),
929 3758 979 3828 qui
1006 3776 1063 3828 qua
1083 3756 1208 3813 editione
1235 3774 1305 3812 usus

132 3850 173 3904 sit
191 3851 267 3920 quod
286 3866 344 3903 non
364 3847 477 3919 aperuit
495 3863 581 3917 aegre
593 3846 664 3917 fero,
684 3865 749 3902 cum
767 3847 797 3916 γὲ
816 3841 873 3919 μήν
886 3845 989 3902 Oecon.
1005 3848 1046 3917 17,
1065 3847 1156 3917 8legi
1169 3847 1305 3917 affirmet,

132 3958 191 4011 quo
204 3939 233 3993 in
246 3940 318 3994 libro
331 3955 422 4008 neque
431 3936 671 4006 Dittenbergerus
681 3936 752 4008 legit
762 3953 854 4007 neque
867 3954 920 4008 ego
932 3936 1105 4008 comparetis
1115 3936 1223 3992 edition
1233 3935 1305 3990 Din-

132 4028 221 4082 dorfii
239 4026 364 4100 (Lipsiae
378 4027 468 4096 1824),
488 4025 606 4097 Sauppii
618 4026 841 4096 Breitenbechii,
855 4024 1018 4080 Schenkelii
1035 4025 1115 4080 illam
1133 4025 1305 4097 particulam

132 4117 242 4172 inveni.
263 4146 295 4156 -
315 4117 520 4171 Naumannum
539 4114 650 4186 fugisse
669 4114 792 4186 videtur,
821 4115 897 4186 quod
916 4108 948 4167 οὗ
967 4107 1024 4187 μήν
1041 4114 1148 4186 legitur
1167 4114 1271 4185 Cyrop.
1291 4113 1306 4166 Ι

132 4208 160 4277 4,
179 4207 209 4277 8;
237 4207 378 4276 112,15;
406 4206 433 4259 V
452 4206 477 4275 4,
498 4205 543 4275 11;
571 4205 601 4273 γὲ
630 4197 687 4276 μήν
709 4205 785 4259 Hell.
805 4205 880 4274 113,
904 4205 950 4275 333
979 4204 1025 4259 111
1045 4206 1104 4274 1,7
1133 4208 1167 4257 ut
1193 4201 1306 4256 minora

131 4301 322 4368 praeteream.
337 4325 368 4333 —
382 4294 458 4349 Hell.
478 4294 521 4348 VI
534 4296 559 4363 6,
580 4295 613 4348 13
631 4292 681 4348 ubi
693 4293 741 4348 ille
754 4287 786 4347 οὗ
798 4288 855 4366 μήν
873 4293 952 4366 legit,
971 4293 1039 4365 quid
1051 4293 1098 4362 sit,
1116 4292 1221 4362 nesoi0,
1240 4310 1306 4346 cum

134 4391 235 4441 sextus
253 4384 325 4438 liber
343 4383 469 4454 quinque
486 4381 572 4437 modo
591 4380 687 4454 capita
706 4383 860 4438 contineat.
