2880 4852
603 167 923 277 v-a-'

205 387 398 453 volentibus
410 371 576 476 imperare
589 389 757 475 agricolae
766 390 947 456 interesset
960 391 1127 478 exposuit,
1139 391 1229 476 quod
1239 391 1384 456 deorum

206 493 332 560 donum
365 519 434 562 non
476 497 545 563 nisi
588 496 659 571 τοῖς
698 486 867 582 ἀληθινῶς
906 489 1098 583 σωφρορύνῃ
1138 491 1383 576 τετελεσμένοις

205 602 322 668 datum
346 603 439 670 dicit.
500 604 604 689 Quid,
640 627 777 690 quaese,
813 604 867 669 his
902 627 1079 672 commune
1114 628 1191 670 cum
1215 605 1384 671 Convivii

204 710 391 796 prooemio,
428 711 517 797 quod
542 719 606 777 est:
639 701 728 772 Ἀλλ’
755 704 830 790 ἐμοὶ
853 707 944 772 δοκεῖ
978 710 1043 772 τῶν
1077 708 1185 773 καλῶν
1219 701 1385 794 κάγαθῶν

205 805 330 901 ἀνδρῶν
364 809 440 901 ἔργα
476 807 512 879 οὗ
546 810 646 898 μόνον
679 813 721 881 τὰ
753 812 836 900 μετὰ
859 814 1014 903 ,σπουδῆς
1044 810 1255 902 πραττόμενα
1286 808 1385 894 ἄξιο-

204 915 407 1008 μνημόνευτα
431 913 524 1003 εἶναι,
548 915 713 999 Ι11111116ιί
737 920 779 988 τὰ
803 922 836 987 ἑν
850 926 924 1001 ταῖς
947 921 1113 1000 παιδιαῖς.
1140 912 1190 1000 οἷς
1213 920 1249 987 δὲ
1265 947 1385 1010 παρα-

207 1022 375 1113 γενόμενος
397 1031 500 1093 ταῦτα
524 1025 701 1114 γιγνώσκω,
731 1031 878 1119 δηλῶσαι
901 1024 1087 1114 dorilensis?
1144 1033 1277 1099 Eodem
1307 1033 1387 1098 iure

206 1138 413 1204 Conuiuium
441 1139 732 1226 Memorabilibus,
768 1145 828 1207 aut
862 1141 971 1207 cuivis
1005 1141 1065 1206 alii
1098 1140 1198 1226 libre,
1234 1163 1304 1227 quo
1340 1141 1387 1206 de

206 1247 344 1314 Socrate
367 1247 491 1333 agitur,
515 1254 594 1333 apte
618 1248 723 1314 asseri
747 1247 910 1314 affirmari
932 1252 1054 1335 potest.

606 1513 628 1603 §
653 1516 696 1585 19.
743 1516 786 1585 116
811 1515 971 1585 convivio.

314 1678 400 1743 Oum
423 1677 531 1764 igitur
554 1677 751 1744 Schenkelii
775 1678 997 1763 sententiam,
1022 1677 1081 1762 qui
1104 1678 1383 1763 Oeconomicum,

206 1776 452 1870 Memorabilia,
471 1786 678 1851 Oonvivium
691 1807 760 1851 uno
776 1791 893 1850 tenore
909 1808 929 1850 a
943 1786 1175 1872 Xenophonte
1191 1785 1384 1872 composita

206 1914 279 1957 esse
306 1897 417 1979 putat,
453 1915 522 1958 non
548 1892 743 1980 probemus,
777 1915 861 1957 num
893 1914 960 1981 quo
987 1893 1053 1957 alio
1085 1891 1184 1956 modo
1213 1892 1381 1957 Oonvivii

207 2006 298 2065 aetas
322 1999 485 2065 constitui
507 2000 616 2086 possit
638 2000 824 2065 videamus.
862 2001 908 2065 Et
931 1999 1216 2085 Dittenbergerus
1240 1999 1382 2085 quidem

205 2113 244 2172 ut
272 2107 490 2193 Symposium
518 2114 596 2194 post
619 2106 853 2172 Memorabilia
882 2107 1106 2194 compositum
1133 2129 1206 2171 esse
1231 2115 1381 2190 censeat,

205 2214 249 2279 iis
273 2214 461 2280 rationibus
478 2214 644 2280 adductus
665 2220 725 2299 est,
751 2214 843 2300 qnod
859 2220 893 2279 et
909 2208 944 2295 γὲ
958 2205 1024 2298 μήν
1039 2215 1146 2279 multo
1164 2212 1381 2298 frequentius

204 2321 242 2386 in
272 2343 311 2387 eo
334 2322 463 2408 legitur
491 2345 592 2408 quam
620 2322 658 2387 in
684 2321 977 2405 Memorabilibus,
1013 2326 1047 2385 61
1073 2321 1150 2408 plus
1179 2322 1286 2386 semel
1317 2313 1383 2407 μήν

206 2451 282 2494 cum
315 2429 573 2516 pronominibus
610 2435 644 2494 et
667 2428 839 2495 adverbiis
869 2427 1126 2513 interrogativis
1158 2428 1383 2494 coniunctum

209 2535 264 2617 (cf.
289 2537 307 2600 Ι
331 2537 383 2623 31,
407 2538 461 2602 ΙΠ
486 2538 536 2621 13,
561 2539 687 2605 Its-23.
709 2533 776 2623 55),
801 2536 891 2622 quod
906 2536 945 2601 in
960 2535 1184 2601 Oeconomico
1201 2543 1235 2600 et
1250 2537 1383 2601 Memo-

207 2643 370 2709 rabilibus
393 2667 562 2729 nusquam
584 2645 769 2711 invenitur.
823 2643 953 2722 Quibus
982 2642 1172 2709 rationibus
1200 2642 1259 2708 ille
1283 2643 1384 2728 'quod

180 2788 183 2792 Δ
205 2751 316 2818 voluit
338 2751 497 2837 probasse
520 2750 609 2816 mihi
629 2751 776 2818 videtur.
809 2734 912 2817 Oasui
935 2749 1027 2815 enim
1046 2750 1154 2816 tribui
1168 2773 1238 2815 non
1252 2757 1381 2836 potest,

207 2858 297 2944 quod
312 2859 349 2924 in
365 2859 434 2924 illis
449 2859 557 2943 libris,
576 2859 635 2946 qui
650 2860 774 2926 iterum
790 2859 981 2943 iterumque
996 2851 1048 2931 τίς
1064 2840 1128 2933 0111,
1152 2856 1227 2930 πῶς
1244 2838 1310 2931 mlv,
1329 2839 1382 2941 ἆρ’

208 2947 272 3041 οὖν,
297 2966 353 3032 hic
369 2966 440 3059 illic
456 2960 507 3040 τίς
522 2959 573 3053 δή,
597 2967 672 3040 πῶς
688 2957 729 3052 δή
745 2966 907 3032 exhibent
923 2964 995 3046 (cfr.
1012 2988 1046 3051 p.
1063 2966 1106 3030 39
1119 2960 1193 3049 sq),
1209 2986 1386 3049 nusquam

208 3066 259 3147 τίς
281 3065 346 3160 μήν
367 3074 503 3160 legitur.
535 3076 590 3139 Ex
613 3076 755 3140 aliarum
778 3096 859 3139 vero
882 3073 1126 3160 particularum
1145 3094 1210 3137 usu
1225 3071 1268 3135 ad
1284 3071 1386 3137 illam

207 3181 413 3247 sententiam
437 3181 702 3247 confirmandam
730 3181 844 3247 afferri
872 3179 1009 3266 quidem
1043 3185 1170 3266 potest,
1207 3178 1299 3265 quod
1329 3170 1384 3264 δή,

207 3282 329 3366 μέντοι,
354 3278 476 3372 ὥσπερ,
501 3310 583 3374 quas
606 3289 788 3375 particulas
812 3288 850 3352 in
872 3285 1116 3375 posterioribus
1136 3285 1385 3372 Xenophontis

208 3396 346 3484 scriptis
369 3398 477 3462 multo
500 3396 713 3482 frequentius
737 3418 839 3481 quam
862 3395 899 3460 in
921 3377 1092 3480 prioribus
1113 3394 1185 3479 legi
1205 3416 1308 3479 supra
1324 3394 1387 3459 de·

208 3510 435 3570 monstratum
458 3511 523 3588 est,
552 3504 590 3569 in
613 3505 781 3570 Convivio
809 3503 943 3589 saepius
972 3525 1073 3587 quam
1095 3501 1133 3566 in
1156 3501 1387 3568 Oeconomico

209 3610 552 3698 Memorabilibusque
582 3612 819 3695 inveniuntur,
856 3617 971 3674 tamen
1006 3607 1113 3674 hocne
1148 3608 1284 3692 dialogo
1309 3609 1387 3694 agi·

210 3720 327 3786 tatiori
350 3720 570 3786 tribuendum
594 3720 649 3805 sit,
674 3719 802 3785 dubito.
853 3716 1003 3784 Omnino
1026 3722 1139 3780 autem
1174 3714 1387 3781 convivium

84 3904 91 3918 ,
210 3834 283 3892 tam
306 3827 434 3913 dialogi
458 3833 529 3892 arte
553 3850 654 3913 quam
695 3825 906 3912 expositione
945 3844 1059 3888 rerum
1097 3821 1180 3887 adeo
1217 3820 1387 3888 librorum

211 3935 459 4002 Socraticorum
493 3935 640 4020 optimus
676 3941 741 4018 est,
775 3939 816 3997 ut
849 3932 912 3997 hac
947 3953 1080 4016 quoque
1111 3926 1155 3994 116
1183 3951 1283 3994 causa
1306 3937 1388 4015 post

211 4045 287 4110 illos
311 4042 476 4129 scripturn
500 4064 573 4107 esse
596 4041 763 4106 videatur.
795 4038 864 4106 Sed
886 4040 1030 4105 alterum
1054 4059 1186 4123 quoque
1202 4059 1387 4122 argumen-
1420 4091 1424 4098 ,

211 4159 286 4218 tum
308 4150 352 4217 ad
374 4156 521 4216 aetatem
544 4145 886 4215 circumscribendam
908 4152 1043 4232 praesto
1067 4151 1134 4227 est3
1167 4144 1265 4209 Plato
1291 4145 1388 4211 enim

212 4259 500 4347 Xenophonteum
523 4255 730 4322 Oonvivium
753 4253 929 4340 cognitum
952 4251 1111 4318 habuisse
1134 4250 1281 4336 videtur,
1307 4256 1388 4319 cum

213 4369 320 4457 ipsius
345 4371 569 4453 componeret,
595 4363 720 4450 quippe
745 4361 804 4448 qui
826 4361 944 4426 multis
968 4361 1005 4425 in
1024 4359 1125 4425 rebus
1141 4358 1387 4446 Xenophontis
