2880 4852
728 243 947 308 ..34...

252 422 440 491 ero-354.
487 422 654 491 Corinthi
679 425 935 490 commoratur.

359 532 433 596 369.
480 532 676 596 Revocatur
699 530 740 596 ab
764 529 1046 600 Atheniensibus.

359 639 434 705 362.
460 639 600 724 Grylios
623 638 714 702 filius
730 637 889 703 moritur.
1012 687 1013 690 η

161 766 164 770 ·
251 743 329 813 354.
375 746 577 829 Xenophon
603 744 770 813 Corinthi
793 746 962 811 moritur.

798 1116 876 1232 11.
950 1073 952 1078 ’

256 1325 260 1332 ’
342 1331 364 1420 5
389 1333 421 1402 8.
444 1293 446 1296 Ι
469 1334 511 1402 he
537 1333 686 1403 [leuchi
711 1334 863 1420 catatopo
888 1333 1105 1420 Xenophontis
1129 1318 1335 1420 scriptorum.

267 1518 269 1521 .
356 1461 430 1525 iam
463 1466 599 1525 transeo
633 1460 676 1525 ad
704 1461 844 1525 alteram
877 1460 1119 1547 disputationis
1154 1483 1247 1526 meae
1282 1467 1428 1547 partem,

251 1591 336 1653 quae
352 1568 389 1632 in
407 1567 627 1654 temporibus²
650 1567 772 1653 quibus
789 1567 942 1654 singulos
958 1568 1063 1633 libros
1079 1568 1275 1654 Xenophon
1291 1591 1430 1655 compo-

252 1674 367 1759 suerit,
394 1681 558 1759 quantum
581 1697 761 1760 possumus
785 1675 1101 1741 circumscribendis
1125 1675 1326 1741 versabitur.
1375 1675 1430 1741 Ac

249 1782 398 1873 primum
433 1781 573 1866 quidem
608 1804 693 1866 quae
723 1805 743 1846 a
770 1782 1001 1868 Xenophonte
1029 1783 1156 1869 scripta
1189 1782 1316 1847 tradita
1345 1783 1428 1868 sint,

249 1889 400 1954 breviter
427 1889 693 1975 percurrendum
722 1895 783 1955 est.
832 1889 905 1967 Qua
934 1889 976 1954 de
1004 1912 1041 1954 re
1069 1890 1243 1975 Diogenes
1266 1889 1428 1954 Laertius

249 1997 463 2061 Demetrium
490 1996 688 2082 Magnetem
717 1991 886 2077 secutus1)
913 1997 996 2062 haec
1025 1996 1123 2062 docet
1149 1998 1198 2077 (H
1221 1997 1291 2076 56):
1328 1992 1428 2058 Συνέ-

251 2111 359 2185 γραψε
383 2098 418 2162 δὲ
441 2097 557 2182 βιβλία
579 2095 665 2185 πρὸς
681 2095 722 2163 τοὶ
739 2095 988 2187 τετταράκοντα,
1014 2093 1121 2165 ἷίλλων
1137 2092 1244 2178 ίίλλως
1260 2096 1428 2187 διαιρούν-

125 2274 131 2286 7,
249 2225 327 2270 των·
352 2201 412 2294 τήν
435 2209 463 2269 τ’
478 2198 666 2290 Ἀνάβασιν,
690 2192 729 2296 ἧς
744 2202 829 2271 κατα
853 2204 984 2290 βιβλίον
998 2206 1058 2289 μὲν
1074 2204 1214 2297 ἐποίησε
1234 2204 1427 2294 προοίμιον,

251 2306 328 2402 ὅλης
345 2305 423 2377 obi·
448 2310 505 2377 καί
522 2308 631 2400 Κύρου
647 2310 806 2378 παιδείαν
821 2311 878 2378 καὶ
896 2307 1069 2404 Ἑλληνικὰ
1084 2312 1141 2378 καί
1156 2307 1427 2403 Ἀπομνημονεύ-

252 2445 352 2502 ματα·
377 2415 571 2502 Συμπόσιόν
598 2444 633 2485 τε
660 2418 717 2484 καὶ
752 2417 969 2504 Οἰκονομικὸν
991 2419 1048 2486 καὶ
1075 2419 1154 2509 περὶ
1185 2418 1333 2511 ἱππικῆς
1368 2421 1428 2487 καὶ

251 2523 468 2615 Κυνηγετικὸν
490 2525 547 2591 καὶ
568 2520 800 2613 Ἱππαρχικόν,
839 2521 1043 2614 Ἀπολογίαν
1066 2553 1101 2593 τε
1135 2524 1329 2615 Σωκράτους
1369 2528 1428 2594 καὶ

251 2632 330 2720 περὶ
364 2629 478 2721 πόρων
513 2631 570 2698 καί
603 2627 730 2721 Ἱέρωνα
765 2627 787 2724 ἢ
824 2630 1034 2721 Τυραννικόν,
1068 2628 1265 2723 Ἀγησίλαόν
1298 2659 1333 2700 τε
1369 2635 1429 2700 καί

248 2733 440 2829 Ἀθηναίων
463 2739 519 2805 καὶ
543 2738 819 2824 Λακεδαιμονίων
846 2739 1035 2822 Πολιτείαν,
1071 2735 1110 2831 ἥν
1134 2764 1234 2831 φησιν
1258 2735 1316 2806 οὐκ
1339 2735 1428 2807 εἶναι

252 2847 462 2936 Ξενοφῶντος
487 2851 505 2912 ὅ
529 2843 670 2936 Μάγνης
693 2844 892 2937 Δημήτριος.

357 2959 477 3044 Itaque
502 2959 532 3023 si
556 2958 638 3024 duas
661 2959 886 3045 Respublieas
909 2983 1016 3024 unum
1040 2983 1123 3047 opus
1148 2960 1184 3025 in
1208 2960 1291 3025 duos
1314 2961 1424 3027 libros

251 3065 400 3131 divisum
423 3065 577 3149 fecimus,
603 3103 644 3111 -
670 3089 755 3150 quae
777 3067 946 3134 Demetrii
967 3068 1138 3132 sententia
1153 3065 1258 3132 fuisse
1274 3066 1426 3154 videtur,

252 3196 328 3238 cum
354 3195 424 3237 non
452 3165 640 3247 Πολιτείας,
671 3172 731 3237 sed
759 3167 940 3235 Πολιτείαν
969 3198 1024 3239 eas
1051 3175 1153 3259 dicat,
1184 3211 1225 3219 —-
1250 3181 1427 3260 quattuor·

252 3279 362 3345 decim
378 3279 603 3366 Xenophonti
627 3280 753 3367 scripta
775 3281 1006 3368 vindicantur,
1030 3305 1115 3367 quae
1131 3283 1275 3367 triginta
1293 3291 1426 3370 septem

250 3387 355 3452 libros
394 3386 582 3452 continent.
629 3389 772 3453 Veteres
806 3411 886 3454 vero
921 3388 1075 3454 homines
1110 3388 1201 3453 docti
1234 3390 1425 3456 Historiam

252 3495 417 3559 Graecam
443 3516 512 3558 non
540 3494 639 3559 modo
668 3496 802 3580 qualem
830 3518 891 3560 nos
915 3497 1028 3580 legere
1053 3497 1198 3585 solemus
1231 3495 1268 3559 in
1292 3504 1436 3582 septem·

252 3601 357 3666 libros
393 3600 610 3666 distributam
645 3601 771 3688 legisse
805 3602 981 3687 videntur,
1018 3601 1078 3666 sed
1113 3604 1254 3667 alteram
1289 3626 1425 3690 quoque

161 3709 167 3731 ’
252 3709 438 3773 editionem
461 3708 629 3792 habuisse,
655 3732 721 3793 qua
745 3709 783 3773 in
806 3731 931 3774 novem
959 3709 1064 3774 libros
1092 3710 1203 3776 divisa
1226 3717 1317 3775 esset
1348 3710 1424 3796 (cfr.

252 3814 422 3899 Schaefer‚
447 3815 565 3880 Jahrb.
583 3814 606 3879 f.
624 3816 748 3882 Philol.
772 3823 796 3881 t.
817 3817 890 3900 101,
915 3817 990 3881 527.
1028 3817 1065 3882 O.
1089 3817 1327 3902 Wachsmuth,
1355 3819 1424 3884 Rh.

251 3923 338 3987 Mus.
363 3922 415 4006 34,
440 3923 515 3987 334.
551 3923 750 4008 Harpocrat.
776 3945 801 3987 s.
826 3947 858 3989 v.
883 3918 1071 4007 Πενέσται.)
1106 3925 1266 3990 Fortasse
1289 3925 1358 3990 iam
1383 3927 1425 3992 ab

251 4029 425 4093 veteribus
470 4029 712 4114 Xenophontis
737 4030 864 4116 scripta
888 4030 1017 4097 duobus
1042 4032 1246 4118 corporibus,
1283 4053 1427 4118 quorum

250 4134 398 4200 aiterum
423 4136 569 4201 sedecim
585 4137 841 4202 Hellenicorum
856 4137 1122 4224 Anabaseosque
1144 4138 1259 4224 libros,
1280 4140 1426 4206 alterurn

45 4268 259 4568 Ἷ
359 4400 386 4471 1)
423 4401 576 4455 Nietzsche
595 4401 700 4458 Rhein.
720 4401 793 4456 Mus.
814 4401 916 4457 XXIV
936 4403 996 4459 181.

45 4539 87 4567 fl
251 4529 254 4535 ¹
628 4563 631 4565 ,
