2880 4852
596 181 830 295 589—-

133 359 192 425 the
215 344 363 448 purpose
387 360 427 426 of
446 348 499 426 his
522 357 699 426 romance“
725 361 810 426 dicit
834 362 952 442 (Grote
967 361 1022 426 IX
1045 361 1098 445 98,
1123 357 1168 444 2).
1207 359 1307 425 Diffi·
1395 351 1403 366 ’

135 467 234 533 cilius
258 474 311 534 est
334 469 513 556 explicatu,
539 491 598 533 cur
620 468 676 533 hic
700 470 741 534 de
759 470 905 555 singulis
920 469 1020 534 rebus
1036 470 1131 533 velut
1152 468 1193 532 de
1210 467 1307 532 iusti-

135 575 202 639 tiae
224 598 406 662 puerorum
430 576 648 641 institutione
673 577 738 641 alia
761 575 943 641 tradiderit
965 581 1067 661 atque
1083 581 1197 659 antea,
1223 575 1308 640 dicit

85 678 88 751 ἶ
137 683 226 747 enim
250 685 328 770 epil.
353 686 372 763 ξ
399 685 439 748 13
463 706 584 770 pueros
608 685 758 749 virorum
783 684 892 748 causis
921 683 1063 769 agendis
1094 682 1244 767 affuisse,
1270 688 1308 746 ut

136 790 304 856 iustitiam
328 791 512 876 discerent,
548 815 623 856 cum
646 793 664 856 Ι
688 793 718 876 2,
743 793 763 855 6
801 798 836 855 et
869 791 940 875 13,
968 791 1008 854 16
1033 814 1052 855 a
1074 791 1188 877 pueris
1223 790 1307 877 ipsis

135 897 224 984 apud
247 898 429 986 magistros
465 921 581 963 causas
617 905 708 964 actas
745 921 819 963 esse
853 905 1033 963 narrasset.
1092 896 1189 975 Quod
1222 898 1309 964 mihi
1359 934 1363 943 ·
1397 974 1404 984 Β

134 1004 378 1071 documentum
402 1028 475 1070 esse
502 1005 640 1071 videtur
664 1029 729 1091 quo
759 1006 1017 1089 demonstretur,
1042 1004 1309 1091 Xenophontem

132 1134 202 1177 non
223 1112 325 1179 modo
343 1136 428 1198 quae
447 1137 467 1178 a
482 1114 596 1178 Persis
619 1120 791 1200 comperte
811 1114 985 1179 habuisset
1001 1148 1045 1158 —
1062 1113 1199 1178 omnino
1217 1113 1309 1177 enim

129 1243 216 1285 num
232 1220 382 1286 moribus
406 1221 586 1286 Persarum
607 1222 795 1286 accuratius
817 1219 1061 1306 cognoscendis
1091 1243 1226 1307 oporam
1251 1220 1307 1284 de-

130 1327 225 1392 derit
249 1327 368 1394 dubito
385 1365 427 1372 -
450 1329 510 1393 sed
532 1329 696 1394 nonnulla
720 1350 867 1414 quoque,
904 1351 989 1413 quae
1012 1328 1085 1414 ipse
1110 1328 1176 1393 sibi
1198 1327 1308 1413 finxit,

127 1436 307 1500 rettulisse
330 1459 441 1521 neque
465 1436 531 1502 sibi
554 1458 690 1523 prorsus
714 1437 858 1500 stetisse.
895 1436 990 1500 Haec
1014 1435 1084 1500 fere
1109 1442 1197 1520 sunt,
1223 1458 1308 1520 quae

130 1541 317 1608 Schulzius
341 1543 632 1629 Schenheliusqne
656 1543 699 1607 ad
722 1543 893 1629 epilogum
917 1567 936 1608 a
958 1543 1189 1629 Xenophonte
1214 1543 1307 1608 abiu-

129 1645 351 1730 dicandum¹)
376 1652 576 1734 attulerunt,
612 1650 810 1716 Dindorfius
846 1652 938 1715 enim
971 1650 1059 1714 nihil
1087 1651 1156 1714 nisi
1179 1651 1310 1716 minora

128 1757 301 1842 quaedam
319 1752 460 1844 ‘generis
485 1758 631 1842 dicendi,
657 1782 742 1844 quae
765 1766 872 1845 putat,
897 1758 983 1823 vitia
1006 1759 1147 1823 monuit.
1186 1761 1310 1823 Restat

130 1864 257 1950 igitur,
281 1871 320 1929 ut
344 1887 429 1950 quae
452 1866 826 1930 Buechsenschuetzius
850 1867 871 1931 1.
895 1867 918 1930 1.
943 1864 1146 1953 disputavit,
1176 1865 1309 1930 refella-

135 1993 223 2036 mus
272 1971 339 2049 Qui
364 1995 440 2037 curn
465 1972 678 2060 Cyropaedia
707 1973 798 2057 regis
822 1973 921 2037 modo
945 1973 1117 2059 exemplar
1150 1973 1310 2060 praebeat

135 2077 333 2164 doceatque,
358 2080 523 2165 quomodo
547 2103 692 2166 regnum
715 2080 856 2165 firmari,
880 2103 950 2145 non
978 2079 1142 2165 quomodo
1165 2081 1309 2167 populus

132 2185 222 2251 bene
241 2185 411 2272 beateque
434 2188 510 2273 regi
532 2193 657 2275 posset,
680 2188 915 2273 Xenophonti,
940 2189 970 2252 si
990 2188 1162 2274 epilogum
1186 2187 1307 2252 addere

134 2292 314 2378 voluisset,
339 2294 641 2360 demonstrandum
664 2294 769 2360 fuisse
793 2295 891 2380 dicit,
926 2318 1024 2380 reges
1046 2295 1227 2360 Persarum
1250 2294 1307 2359 de-

135 2391 327 2486 generasse,
351 2401 443 2467 unde
466 2404 584 2489 populi
608 2403 755 2467 deterior
779 2409 887 2468 status
911 2409 1005 2468 ortus
1029 2408 1131 2486 esset3
1160 2402 1308 2466 maxima

134 2514 248 2573 autem
272 2510 400 2596 epilogi
422 2517 519 2596 parte
543 2507 636 2586 (inde
660 2534 679 2575 a
702 2513 722 2590 ἓ
746 2507 781 2594 6)
803 2511 983 2575 Persarum
1006 2532 1117 2576 mores
1145 2509 1307 2595 deprava-

134 2622 188 2681 tos
212 2638 285 2680 esse
308 2616 445 2703 probari
468 2618 561 2682 nulla
584 2640 703 2703 regum
725 2618 843 2683 habita
857 2619 999 2684 ratione.
1038 2617 1087 2683 At
1101 2617 1307 2704 Xenophon,

136 2724 196 2808 qui
219 2746 239 2788 a
261 2723 401 2810 regibus
437 2725 635 2812 disputandi
669 2726 807 2791 initium
842 2726 934 2810 fecit,
969 2748 1046 2790 cum
1080 2730 1231 2790 transeat
1265 2723 1309 2789 ad

135 2831 310 2917 populum,
334 2830 419 2896 dicit
442 2834 461 2910 ξ
486 2833 520 2897 5:
545 2832 635 2892 rnbc'
660 2814 715 2893 cdv
739 2822 875 2916 ὁρῶντες
899 2824 928 2893 oi
954 2827 1043 2916 11οῆ
1064 2821 1161 2914 Ἀσίᾳ
1185 2823 1308 2904 raderes

132 2931 192 2997 ἐπὶ
216 2929 255 2998 τὸ
279 2927 394 3018 ἀσεβὲς
417 2933 473 2999 καὶ
497 2931 534 2999 td
559 2927 674 3000 ddraov
696 2934 911 3023 τεῐραμμένοι
935 2931 1031 3000 εἰσίν·
1074 2928 1191 2999 ὁποῖοί
1219 2958 1307 3011 τινες

134 3032 313 3128 711ρῖ1101
343 3037 530 3129 προσιάῑαι
567 3029 642 3122 ὦσι,
679 3046 825 3107 terebros
859 3040 916 3107 ani
945 3038 974 3107 oi
1012 3035 1070 3105 'inc'
1107 3035 1224 3118 adroic
1260 3035 1306 3118 ὡς

133 3144 192 3212 ἐπὶ
223 3143 260 3212 τὸ
289 3145 377 3212 notri
406 3145 584 3234 yr‘yrovcnt5
621 3154 742 3238 quibus
777 3153 892 3218 verbis
920 3153 963 3218 ad
991 3154 1131 3218 alteram
1156 3153 1306 3240 disputa-

134 3257 242 3325 tionis
265 3267 398 3346 partem
422 3262 565 3326 transire
582 3261 727 3346 videtur,
752 3284 827 3346 qua,
850 3266 889 3326 ut
904 3267 1004 3325 antea
1018 3283 1127 3346 reges,
1151 3261 1200 3325 ita
1215 3283 1307 3326 nunc

131 3367 297 3453 populum
320 3390 440 3454 regum
464 3369 618 3456 exemplo
642 3368 826 3433 deductum
850 3373 1044 3454 corruptum
1072 3390 1145 3433 esse
1168 3368 1307 3434 demon-

243 3630 270 3702 1)
306 3633 358 3703 §8
381 3652 447 3688 oum
465 3633 480 3687 Ι
498 3635 523 3703 2,
549 3635 582 3688 16
605 3651 737 3705 pugnare
767 3634 922 3690 concedere
952 3653 1010 3689 non
1033 3651 1158 3705 possum,
1185 3652 1253 3688 nam
1276 3626 1306 3686 τὸ

131 3714 290 3775 (1101111111
317 3726 364 3774 καὶ
390 3715 421 3774 τὸ
450 3715 659 3794 ἀπομύττεσθαι
687 3727 738 3775 md
761 3716 792 3775 ri>
820 3717 909 3793 φύσης
930 3715 1056 3794 μεσθοὺς
1079 3729 1233 3793 patrentur
1253 3729 1306 3778 010.

128 3829 214 3867 001100
237 3829 349 3882 quoque
372 3812 476 3866 aetatis
498 3811 594 3866 Persis
623 3805 739 3882 αἰσχρὸν
767 3812 838 3865 εἶναι
867 3812 1031 3884 Xenophon
1056 3819 1192 3881 testatur,
1220 3833 1306 3885 quam

130 3919 203 3956 vero
222 3900 309 3955 huius
328 3900 370 3955 101
385 3919 501 3954 causam
520 3900 589 3955 dicit
608 3900 623 3953 Ι
641 3902 666 3969 2,
688 3903 729 3970 16,
749 3919 812 3956 cam
831 3901 892 3974 ipse
910 3902 1089 3973 excogitasse
1107 3902 1236 3973 videtur,
1254 3922 1307 3957 nos

131 3990 235 4046 eadem
263 3989 361 4062 turpia
384 3990 591 4058 existimamus,
620 3990 670 4060 qui
698 3991 865 4062 corporibus
892 3991 1058 4046 exercendis
1085 4006 1143 4046 non
1170 4012 1306 4063 magnam

130 4098 251 4153 operam
265 4079 377 4137 damus.
392 4111 423 4118 —
439 4081 454 4149 ,ὃ
467 4082 503 4134 20
522 4079 684 4151 explicatur
698 4080 801 4135 Oecon.
821 4081 864 4134 IV
877 4083 905 4135 6:
924 4080 1049 4154 satrapis
1067 4089 1163 4137 certus
1181 4081 1306 4136 militum

128 4168 319 4242 equitumque
337 4187 475 4224 numerus
493 4169 651 4240 imperatus
670 4176 741 4240 erat,
770 4171 819 4241 qui
840 4170 910 4243 ipsis
929 4171 1024 4226 alendi
1043 4176 1134 4242 crant,
1162 4190 1228 4225 cum
1254 4189 1306 4225 rex

129 4258 276 4331 stipendia
303 4258 388 4312 modo
417 4259 606 4329 persolveret;
636 4277 724 4329 qnare
742 4259 872 4333 ipsorum
891 4278 990 4319 servos
1009 4259 1179 4316 domesticos
1198 4259 1305 4314 milites
1402 4282 1408 4289 ·

129 4348 287 4420 faciebant,
307 4352 340 4402 ut
358 4365 510 4404 numerum
530 4354 676 4418 augerent,
