2880 4852
611 224 829 290 ..87-

133 402 352 469 Mithridates
377 408 457 489 erat,
483 402 675 468 confudisse
698 403 836 469 videtur
855 403 1034 487 Diodorus,
1060 404 1198 489 quill.
1224 427 1305 470 eun·

135 511 212 577 dem
234 510 409 597 Phrygiae
442 518 609 597 satrapam
644 533 750 595 regno
786 511 979 596 Lycaoniae
1004 511 1305 598 Cappadociaeque

136 619 206 700 (cfr.
230 618 342 684 Anab.
367 619 436 684 VH
458 620 489 702 8,
515 615 571 702 95)
595 618 795 682 Mithridate
826 626 957 683 mortuo
986 618 1133 703 potitum
1157 641 1231 683 esse
1255 618 1305 684 di-

135 727 188 810 cit,
214 726 307 812 quod
322 749 383 812 per
399 728 560 790 96111101
574 708 776 809 (363-337)
797 726 994 791 retinuisset
1002 721 1037 809 1).
1070 725 1304 792 Rheomithris

132 857 212 899 vero
236 858 256 899 a
280 834 424 920 satrapis
448 833 490 898 ad
515 833 665 898 Tachum
700 855 815 918 regem
832 816 834 822 .
850 834 946 897 missi
975 832 1201 898 defectionem
1224 834 1306 899 Dio·

133 941 235 1006 dorus
265 941 402 1026 quidem
425 940 495 1006 XV
518 942 561 1005 99
584 963 654 1005 non
688 941 801 1005 minus
836 963 937 1025 quam
960 924 1200 1006 Ariobarzanis
1224 942 1306 1006 alio-

130 1072 275 1134 rumque
310 1055 520 1134 satraparum
555 1049 592 1112 in
641 1070 768 1112 annum
807 1045 930 1132 sessor
966 1047 1080 1133 refert,
1120 1047 1180 1112 sed
1219 1071 1305 1134 eum,

128 1179 217 1241 quae
241 1156 470 1242 compluribus
494 1156 593 1219 annis
615 1155 820 1238 acciderunt,
845 1151 1194 1239 611611111369161
1219 1157 1305 1221 acci-

129 1263 273 1348 dissent,
299 1285 453 1328 narrasse
471 1271 624 1349 apparet,
650 1285 733 1347 quae
749 1262 787 1326 in
803 1263 955 1346 singulos
976 1285 1081 1327 annos
1103 1262 1306 1328 distribuere

127 1392 200 1436 non
210 1393 389 1457 possumus
403 1368 607 1454 (Rehdantz,
624 1371 664 1436 V.
678 1369 753 1455 Iph.
769 1369 890 1434 Chabr.
905 1369 1052 1434 Timoth.
1066 1393 1098 1456 p.
1116 1370 1304 1455 154—1613

130 1478 238 1543 Grote
261 1479 299 1542 X
314 1479 391 1562 498,
418 1479 460 1560 1).
507 1476 662 1563 Apparet
685 1483 798 1541 autem
815 1476 1047 1562 Oyropaediae
1071 1485 1173 1564 caput
1196 1484 1306 1542 extre-

128 1608 226 1649 mum
260 1607 330 1651 non
365 1591 444 1649 ante
480 1607 508 1648 a.
534 1585 600 1648 364
634 1584 737 1649 scribi
770 1584 922 1670 potuisse
958 1590 1058 1670 atque
1094 1585 1307 1670 aliquantum

128 1693 317 1777 posteriore
341 1699 491 1777 tempore
515 1691 679 1778 scriptum
703 1714 776 1755 esse
792 1691 1000 1777 probabilius
1024 1690 1160 1756 videtur
1177 1693 1305 1777 (Grote,

132 1801 258 1881 Platon
280 1800 335 1864 ΙΠ
350 1801 415 1864 579
432 1823 494 1884 sq.;
520 1798 580 1863 cfr.
604 1798 784 1863 Rehdantz
809 1822 840 1885 p.
861 1794 948 1881 155).
996 1798 1106 1875 Quare
1130 1799 1172 1863 de
1196 1806 1306 1864 aetate

131 1908 213 1973 libri
247 1908 341 1973 nulla
365 1906 531 1971 dissensio
555 1912 653 1990 esset,
689 1906 718 1969 si
743 1906 785 1969 de
820 1906 1022 1970 auctoritate
1057 1905 1148 1970 illius
1185 1906 1305 1992 capitis

132 2015 224 2080 inter
248 2037 365 2080 omnes
390 2019 568 2079 constaret.
617 2013 685 2077 Sed
708 2013 992 2079 Valckenaerium
1016 2013 1124 2077 secuti
1149 2013 1238 2093 (adn.
1263 2012 1306 2078 ad

131 2122 226 2186 Xen.
251 2122 353 2186 Mem.
378 2123 396 2185 1
421 2121 452 2200 1)
475 2120 703 2185 recentiorum
726 2120 866 2206 plurimi
889 2120 975 2185 illud
999 2120 1210 2185 subditivum
1234 2143 1307 2185 esse

132 2223 334 2307 dixerunt2).
399 2228 508 2305 Quare
542 2227 693 2292 breviter
729 2227 770 2291 de
805 2227 868 2292 hac
902 2250 939 2291 16
974 2226 1209 2292 disserendum
1244 2234 1305 2294 est.

110 2408 116 2422 ,
131 2335 248 2419 Atque
265 2336 355 2419 quod
370 2341 608 2421 argumentum
624 2335 772 2420 primum
795 2335 847 2398 illi
871 2337 1069 2419 attulerunt,
1094 2335 1154 2419 qui
1171 2342 1307 2421 propte·

131 2465 191 2506 rea
226 2465 246 2507 a
274 2442 505 2527 Xenophonte
541 2443 712 2527 epilogum
747 2440 1010 2506 abiudicandum
1046 2464 1119 2506 esse
1155 2448 1305 2527 censent,

134 2548 226 2634 quod
260 2549 298 2613 in
333 2549 391 2613 illc
426 2550 529 2614 verba
565 2549 745 2634 quaedam,
785 2550 880 2615 velut
913 2541 1153 2634 καινοποιητής
1181 2547 1215 2632 (ἓ
1241 2549 1304 2634 11),

134 2647 406 2739 θρυπτικώτερος
423 2654 534 2741 (·§15),
559 2648 901 2741 6011111191161617),
930 2658 1100 2742 leguntur,
1125 2679 1210 2741 quae
1234 2657 1307 2722 sive

131 2764 271 2829 omnino
295 2763 377 2829 alibi
393 2786 464 2828 non
479 2763 710 2848 inveniantur,
736 2764 809 2828 sive
825 2764 866 2829 ab
883 2764 1088 2850 optimorum
1105 2763 1307 2849 scriptorum
1413 2757 1415 2761 ’

129 2893 196 2936 usu
230 2870 405 2955 recedant,
440 2871 503 2936 hoo
538 2871 673 2935 mittere
707 2893 899 2956 possumne,
936 2893 1013 2935 cum
1044 2870 1170 2935 talibus
1193 2871 1307 2936 verbis

128 2979 311 3065 permultis
335 2978 529 3064 Xenophon
551 2973 707 3058 utatur3).
759 2977 893 3043 Deinde
924 2977 1014 3062 quod
1042 2977 1170 3063 epilogi
1193 2985 1307 3043 aueto-

241 3151 268 3224 1)
305 3153 387 3209 Diod.
412 3154 469 3208 XV
497 3155 540 3207 92.
578 3154 721 3223 Sohaet'er,
749 3155 890 3208 Demosth
918 3152 933 3206 Ι
956 3155 999 3224 89,
1030 3152 1211 3207 Krumbholz
1239 3154 1257 3206 l.
1286 3155 1306 3209 l.

130 3264 159 3316 p.
182 3244 264 3297 7311.
298 3242 390 3298 Aliter
408 3243 517 3297 iudicat
536 3244 569 3296 E.
588 3243 696 3313 Meyer,
715 3242 894 3313 Konigreich
913 3244 1025 3296 Pontus
1043 3261 1070 3312 p.
1090 3242 1133 3295 35.
1161 3242 1308 3297 Diodorus

127 3333 273 3388 siveram
292 3332 466 3402 tradidisset,
485 3332 636 3386 rebellanti
649 3338 733 3404 capto
747 3352 764 3386 a
778 3349 845 3403 rege
858 3337 1050 3402 temperatum
1069 3348 1130 3385 esse
1150 3336 1304 3402 oporteret,

128 3421 212 3493 quod
230 3440 290 3476 non
308 3440 445 3493 magnam
463 3421 596 3476 veritatis
615 3421 738 3492 speciem
757 3421 840 3491 gerit.

240 3510 268 3580 9)
288 3510 392 3565 Schulz
402 3509 448 3580 (de
457 3510 523 3581 Cyr.
535 3510 647 3581 epilogo
655 3510 743 3580 1806),
754 3509 881 3564 Dindorf
890 3508 944 3580 (ed.
957 3508 1060 3564 Oecon.
1072 3507 1161 3580 praef.
1172 3529 1198 3580 p.
1206 3508 1303 3578 XIH),

128 3621 165 3656 ac
196 3599 349 3672 praecipue
376 3599 562 3654 Schenkeliue
590 3597 767 3665 (Fleckeisen
787 3599 891 3653 Annal.
912 3600 989 3665 1883,
1009 3597 1072 3667 590)
1091 3603 1120 3652 61
1144 3598 1306 3652 Buechscn·

129 3690 299 3745 schuetzius
317 3688 432 3759 (Philol.
443 3688 534 3742 XXII
545 3689 616 3757 681),
637 3688 739 3762 quibus
753 3687 877 3743 addendi
884 3688 1003 3742 Fischer
1012 3687 1184 3754 (Commeat.
1195 3687 1227 3741 in
1237 3685 1304 3758 Gyr.

129 3799 158 3851 p.
170 3777 244 3848 610),
262 3779 365 3833 Ranke
380 3778 464 3847 (Xen.
475 3778 536 3832 vita
545 3797 573 3849 p.
584 3778 639 3847 93),
653 3778 771 3831 Boechh
787 3777 936 3843 (Simultas
951 3783 1003 3831 610.
1016 3796 1042 3848 p.
1053 3777 1108 3845 96),
1128 3777 1242 3848 Sauppe
1260 3776 1308 3846 ed;

129 3867 257 3922 Hertein
270 3867 317 3937 ed3
337 3867 493 3922 Schneider
506 3867 549 3924 ed.
563 3869 588 3920 9.
614 3867 813 3922 Defenderunt
827 3867 1046 3921 Bornemannus
1060 3866 1185 3937 (Epilog.
1196 3866 1223 3920 d.
1240 3864 1307 3936 Oyr.

129 3956 232 4026 Leipz.
253 3957 343 4026 1819),
368 3955 492 4011 00161111
506 3956 655 4027 (Mnemos.
676 3956 838 4027 11166sq.)‚
857 3956 961 4026 quibus
980 3955 1179 4009 assentiuntur
1192 3954 1308 4008 Schnei-

129 4047 220 4101 derus
239 4045 286 4116 (ed
305 4047 341 4114 1),
361 4047 461 4117 Poppo
485 4046 532 4115 ed3
552 4045 744 4103 Breitenbach
763 4046 810 4115 ed;
830 4046 970 4116 Krueger,
990 4044 1070 4115 (Vita
1088 4065 1115 4116 p.
1135 4046 1197 4113 98);
1217 4044 1307 4098 01016

130 4136 184 4205 (H.
204 4153 229 4190 0.
250 4136 284 4190 G.
303 4135 333 4189 X
350 4136 403 4188 497
422 4153 479 4206 seq.
499 4136 604 4188 Platon
622 4134 640 4187 l.
659 4135 699 4203 l),
719 4134 834 4189 Eichler
853 4135 907 4200 (De
921 4135 1025 4205 Cyrop.
1045 4134 1137 4204 capite
1156 4131 1306 4201 extremo).

243 4225 272 4290 3)
309 4224 423 4295 Sauppe
443 4225 497 4291 (ed.
522 4229 637 4278 stereot.
658 4223 760 4278 11998
779 4224 830 4277 cfr.
850 4223 980 4294 Lexilog.
999 4221 1144 4293 Xenoph.)
1164 4223 1216 4276 397
1237 4214 1310 4282 ἅπαξ

129 4307 280 4384 λεγόμενα,
307 4313 361 4368 400
387 4332 405 4367 a
432 4312 638 4368 consuetudine
662 4313 836 4384 optimorum
855 4313 1028 4385 scriptorum
1056 4311 1228 4381 recedentia,
1254 4312 1308 4366 480

131 4402 243 4472 Ionica,
262 4402 376 4473 Dorica,
394 4402 508 4473 poetica
527 4402 669 4457 vocabula
687 4402 717 4456 in
735 4402 938 4474 Xenophontis
956 4400 1037 4456 libris
1055 4399 1134 4473 legit.
