<?xml version="1.0" encoding="UTF-8"?>
<!DOCTYPE html PUBLIC "-//W3C//DTD XHTML 1.0 Transitional//EN"
    "http://www.w3.org/TR/xhtml1/DTD/xhtml1-transitional.dtd">
<html xmlns="http://www.w3.org/1999/xhtml" xml:lang="en" lang="en">
 <head>
  <title>
</title>
<meta http-equiv="Content-Type" content="text/html;charset=utf-8" />
  <meta name='ocr-system' content='tesseract 3.04.00' />
  <meta name='ocr-capabilities' content='ocr_page ocr_carea ocr_par ocr_line ocrx_word'/>
</head>
<body>
  <div class='ocr_page' id='page_1' title='image "./dexenophontisvi01roqugoog_0013.png"; bbox 0 0 2880 4852; ppageno 0'>
   <div class='ocr_carea' id='block_1_1' title="bbox 551 109 747 171">
    <p class='ocr_par' dir='ltr' id='par_1_1' title="bbox 551 109 747 171">
     <span class='ocr_line' id='line_1_1' title="bbox 551 109 747 171; baseline -0.005 -19"><span class='ocrx_word' id='word_1_1' title='bbox 551 109 747 171; x_wconf 52' lang='lat' dir='ltr'>„ss-</span> 
     </span>
    </p>
   </div>
   <div class='ocr_carea' id='block_1_2' title="bbox 63 274 1237 1336">
    <p class='ocr_par' dir='ltr' id='par_1_2' title="bbox 63 274 1237 1336">
     <span class='ocr_line' id='line_1_2' title="bbox 65 274 1235 371; baseline 0 -21"><span class='ocrx_word' id='word_1_2' title='bbox 65 283 190 369; x_wconf 90' lang='lat' dir='ltr'>(Berol.</span> <span class='ocrx_word' id='word_1_3' title='bbox 218 280 332 370; x_wconf 81' lang='lat'>1851),</span> <span class='ocrx_word' id='word_1_4' title='bbox 368 307 463 370; x_wconf 88' lang='lat' dir='ltr'>spem</span> <span class='ocrx_word' id='word_1_5' title='bbox 497 286 688 371; x_wconf 86' lang='lat' dir='ltr'>legentium</span> <span class='ocrx_word' id='word_1_6' title='bbox 725 285 922 370; x_wconf 82' lang='lat' dir='ltr'>frustratur⁷</span> <span class='ocrx_word' id='word_1_7' title='bbox 959 274 1035 350; x_wconf 84' lang='lat' dir='ltr'>oum</span> <span class='ocrx_word' id='word_1_8' title='bbox 1071 286 1112 350; x_wconf 86' lang='lat' dir='ltr'>de</span> <span class='ocrx_word' id='word_1_9' title='bbox 1142 286 1235 351; x_wconf 80' lang='lat' dir='ltr'>vitae</span> 
     </span>
     <span class='ocr_line' id='line_1_3' title="bbox 64 391 1235 480; baseline 0.003 -24"><span class='ocrx_word' id='word_1_10' title='bbox 64 392 274 480; x_wconf 71' lang='lat' dir='ltr'><strong>temporibus</strong></span> <span class='ocrx_word' id='word_1_11' title='bbox 302 391 477 479; x_wconf 87' lang='lat' dir='ltr'>disputare</span> <span class='ocrx_word' id='word_1_12' title='bbox 506 392 712 480; x_wconf 71' lang='lat' dir='ltr'>dedignatus</span> <span class='ocrx_word' id='word_1_13' title='bbox 740 393 783 458; x_wconf 89' lang='lat' dir='ltr'>ad</span> <span class='ocrx_word' id='word_1_14' title='bbox 806 395 1022 478; x_wconf 88' lang='lat' dir='ltr'>Kruegerum</span> <span class='ocrx_word' id='word_1_15' title='bbox 1049 393 1235 478; x_wconf 76' lang='lat' dir='ltr'>confugiat.</span> 
     </span>
     <span class='ocr_line' id='line_1_4' title="bbox 66 498 1235 585; baseline 0.002 -22"><span class='ocrx_word' id='word_1_16' title='bbox 66 500 159 577; x_wconf 78' lang='lat' dir='ltr'>Quae</span> <span class='ocrx_word' id='word_1_17' title='bbox 183 500 319 585; x_wconf 86' lang='lat' dir='ltr'>singula</span> <span class='ocrx_word' id='word_1_18' title='bbox 343 498 466 564; x_wconf 90' lang='lat' dir='ltr'>deinde</span> <span class='ocrx_word' id='word_1_19' title='bbox 496 499 555 565; x_wconf 90' lang='lat' dir='ltr'>alii</span> <span class='ocrx_word' id='word_1_20' title='bbox 584 500 831 585; x_wconf 73' lang='lat' dir='ltr'>disseruerunt,</span> <span class='ocrx_word' id='word_1_21' title='bbox 868 524 906 564; x_wconf 91' lang='lat' dir='ltr'>ea</span> <span class='ocrx_word' id='word_1_22' title='bbox 936 501 1006 564; x_wconf 90' lang='lat' dir='ltr'>suis</span> <span class='ocrx_word' id='word_1_23' title='bbox 1034 502 1116 565; x_wconf 88' lang='lat' dir='ltr'>locis</span> <span class='ocrx_word' id='word_1_24' title='bbox 1145 523 1235 565; x_wconf 93' lang='lat' dir='ltr'>com-</span> 
     </span>
     <span class='ocr_line' id='line_1_5' title="bbox 65 607 1235 694; baseline 0.001 -23"><span class='ocrx_word' id='word_1_25' title='bbox 65 607 284 672; x_wconf 90' lang='lat' dir='ltr'>memoranda</span> <span class='ocrx_word' id='word_1_26' title='bbox 307 613 417 671; x_wconf 85' lang='lat' dir='ltr'>erunt.</span> <span class='ocrx_word' id='word_1_27' title='bbox 463 607 511 672; x_wconf 91' lang='lat' dir='ltr'>Iis</span> <span class='ocrx_word' id='word_1_28' title='bbox 539 631 621 673; x_wconf 81' lang='lat' dir='ltr'>vero</span> <span class='ocrx_word' id='word_1_29' title='bbox 643 608 884 694; x_wconf 87' lang='lat' dir='ltr'>Xenophontis</span> <span class='ocrx_word' id='word_1_30' title='bbox 909 608 1005 692; x_wconf 83' lang='lat' dir='ltr'>vitis,</span> <span class='ocrx_word' id='word_1_31' title='bbox 1035 630 1117 692; x_wconf 89' lang='lat' dir='ltr'>quas</span> <span class='ocrx_word' id='word_1_32' title='bbox 1146 630 1235 672; x_wconf 93' lang='lat' dir='ltr'>com-</span> 
     </span>
     <span class='ocr_line' id='line_1_6' title="bbox 63 712 1236 800; baseline 0 -20"><span class='ocrx_word' id='word_1_33' title='bbox 63 721 250 800; x_wconf 90' lang='lat' dir='ltr'>posuerunt</span> <span class='ocrx_word' id='word_1_34' title='bbox 271 714 329 779; x_wconf 94' lang='lat' dir='ltr'>hh.</span> <span class='ocrx_word' id='word_1_35' title='bbox 344 713 399 779; x_wconf 90' lang='lat' dir='ltr'>dd.</span> <span class='ocrx_word' id='word_1_36' title='bbox 413 715 531 779; x_wconf 81' lang='lat' dir='ltr'>Fortia</span> <span class='ocrx_word' id='word_1_37' title='bbox 543 714 708 781; x_wconf 87' lang='lat' dir='ltr'>d&#39;Urbain</span> <span class='ocrx_word' id='word_1_38' title='bbox 733 716 858 797; x_wconf 84' lang='lat' dir='ltr'>(Lutet.</span> <span class='ocrx_word' id='word_1_39' title='bbox 877 715 983 779; x_wconf 89' lang='lat' dir='ltr'>Paris.</span> <span class='ocrx_word' id='word_1_40' title='bbox 1004 712 1113 799; x_wconf 77' lang='lat'>1794),</span> <span class='ocrx_word' id='word_1_41' title='bbox 1140 716 1236 780; x_wconf 82' lang='lat' dir='ltr'>Oroi-</span> 
     </span>
     <span class='ocr_line' id='line_1_7' title="bbox 66 801 1236 909; baseline 0.001 -23"><span class='ocrx_word' id='word_1_42' title='bbox 66 828 118 886; x_wconf 89' lang='lat' dir='ltr'>set</span> <span class='ocrx_word' id='word_1_43' title='bbox 140 819 360 909; x_wconf 76' lang='lat' dir='ltr'>(Xenophon.</span> <span class='ocrx_word' id='word_1_44' title='bbox 400 822 470 887; x_wconf 84' lang='lat' dir='ltr'>Son</span> <span class='ocrx_word' id='word_1_45' title='bbox 493 823 660 886; x_wconf 73' lang='lat' dir='ltr'>caractere</span> <span class='ocrx_word' id='word_1_46' title='bbox 685 830 719 887; x_wconf 91' lang='grc'>61</span> <span class='ocrx_word' id='word_1_47' title='bbox 743 845 805 887; x_wconf 92' lang='lat' dir='ltr'>son</span> <span class='ocrx_word' id='word_1_48' title='bbox 828 824 945 887; x_wconf 89' lang='lat' dir='ltr'>talent.</span> <span class='ocrx_word' id='word_1_49' title='bbox 977 801 1236 908; x_wconf 20' lang='lat' dir='ltr'>Xtudesmorale</span> 
     </span>
     <span class='ocr_line' id='line_1_8' title="bbox 65 928 1236 1015; baseline 0.003 -22"><span class='ocrx_word' id='word_1_50' title='bbox 65 929 224 993; x_wconf 75' lang='grc'>61111111.</span> <span class='ocrx_word' id='word_1_51' title='bbox 249 931 325 994; x_wconf 89' lang='lat' dir='ltr'>Par.</span> <span class='ocrx_word' id='word_1_52' title='bbox 353 929 453 1014; x_wconf 80' lang='grc'>1873,</span> <span class='ocrx_word' id='word_1_53' title='bbox 478 928 519 993; x_wconf 89' lang='lat' dir='ltr'>de</span> <span class='ocrx_word' id='word_1_54' title='bbox 544 953 609 1014; x_wconf 93' lang='lat' dir='ltr'>quo</span> <span class='ocrx_word' id='word_1_55' title='bbox 639 931 726 995; x_wconf 91' lang='lat' dir='ltr'>libro</span> <span class='ocrx_word' id='word_1_56' title='bbox 754 930 918 995; x_wconf 89' lang='lat' dir='ltr'>iudicium</span> <span class='ocrx_word' id='word_1_57' title='bbox 946 930 1081 1015; x_wconf 91' lang='lat' dir='ltr'>publice</span> <span class='ocrx_word' id='word_1_58' title='bbox 1108 930 1236 996; x_wconf 83' lang='lat' dir='ltr'>factum</span> 
     </span>
     <span class='ocr_line' id='line_1_9' title="bbox 65 1035 1236 1123; baseline 0.002 -23"><span class='ocrx_word' id='word_1_59' title='bbox 65 1042 117 1101; x_wconf 88' lang='lat' dir='ltr'>est</span> <span class='ocrx_word' id='word_1_60' title='bbox 137 1035 339 1121; x_wconf 81' lang='lat' dir='ltr'>aNitschi0‚</span> <span class='ocrx_word' id='word_1_61' title='bbox 355 1037 520 1102; x_wconf 86' lang='lat' dir='ltr'>Zeitschr.</span> <span class='ocrx_word' id='word_1_62' title='bbox 538 1036 561 1101; x_wconf 88' lang='lat' dir='ltr'>f.</span> <span class='ocrx_word' id='word_1_63' title='bbox 580 1037 611 1102; x_wconf 87' lang='lat' dir='ltr'>d.</span> <span class='ocrx_word' id='word_1_64' title='bbox 629 1038 872 1123; x_wconf 82' lang='lat' dir='ltr'>Gymnasialw.</span> <span class='ocrx_word' id='word_1_65' title='bbox 890 1043 914 1102; x_wconf 90' lang='lat' dir='ltr'>t.</span> <span class='ocrx_word' id='word_1_66' title='bbox 932 1038 1092 1103; x_wconf 82' lang='lat' dir='ltr'><strong>XXVIII</strong></span> <span class='ocrx_word' id='word_1_67' title='bbox 1108 1062 1139 1123; x_wconf 89' lang='lat' dir='ltr'>p.</span> <span class='ocrx_word' id='word_1_68' title='bbox 1158 1038 1236 1116; x_wconf 80' lang='grc'>967)</span> 
     </span>
     <span class='ocr_line' id='line_1_10' title="bbox 63 1136 1236 1231; baseline -0.003 -23"><span class='ocrx_word' id='word_1_69' title='bbox 63 1142 185 1208; x_wconf 87' lang='lat' dir='ltr'>utendi</span> <span class='ocrx_word' id='word_1_70' title='bbox 212 1143 354 1208; x_wconf 80' lang='lat' dir='ltr'>facultas</span> <span class='ocrx_word' id='word_1_71' title='bbox 383 1143 469 1208; x_wconf 90' lang='lat' dir='ltr'>mihi</span> <span class='ocrx_word' id='word_1_72' title='bbox 495 1167 565 1209; x_wconf 90' lang='lat' dir='ltr'>non</span> <span class='ocrx_word' id='word_1_73' title='bbox 592 1147 702 1231; x_wconf 90' lang='lat' dir='ltr'>magis</span> <span class='ocrx_word' id='word_1_74' title='bbox 730 1144 797 1210; x_wconf 90' lang='lat' dir='ltr'>fuit</span> <span class='ocrx_word' id='word_1_75' title='bbox 821 1167 922 1229; x_wconf 93' lang='lat' dir='ltr'>quam</span> <span class='ocrx_word' id='word_1_76' title='bbox 945 1136 1131 1221; x_wconf 70' lang='lat' dir='ltr'>Aeovmiyoo</span> <span class='ocrx_word' id='word_1_77' title='bbox 1160 1167 1236 1228; x_wconf 78' lang='grc' dir='ltr'><em>χρο-</em></span> 
     </span>
     <span class='ocr_line' id='line_1_11' title="bbox 66 1242 1237 1336; baseline 0.006 -26"><span class='ocrx_word' id='word_1_78' title='bbox 66 1243 200 1333; x_wconf 75' lang='grc' dir='ltr'><em>νολογίᾳ</em></span> <span class='ocrx_word' id='word_1_79' title='bbox 225 1242 372 1332; x_wconf 79' lang='grc' dir='ltr'><em>συντόμῳ</em></span> <span class='ocrx_word' id='word_1_80' title='bbox 396 1251 462 1310; x_wconf 76' lang='grc' dir='ltr'>τῶν</span> <span class='ocrx_word' id='word_1_81' title='bbox 485 1247 695 1335; x_wconf 78' lang='grc' dir='ltr'><em>Ξενοφῶντος</em></span> <span class='ocrx_word' id='word_1_82' title='bbox 719 1244 872 1335; x_wconf 72' lang='grc' dir='ltr'><em>ἱστοριῶν</em></span> <span class='ocrx_word' id='word_1_83' title='bbox 895 1245 951 1311; x_wconf 79' lang='grc' dir='ltr'>καὶ</span> <span class='ocrx_word' id='word_1_84' title='bbox 967 1250 1025 1311; x_wconf 74' lang='grc' dir='ltr'>τοῦ</span> <span class='ocrx_word' id='word_1_85' title='bbox 1041 1245 1125 1331; x_wconf 78' lang='grc' dir='ltr'><em>βίου,</em></span> <span class='ocrx_word' id='word_1_86' title='bbox 1152 1275 1237 1336; x_wconf 92' lang='lat' dir='ltr'>quae</span> 
     </span>
    </p>
   </div>
   <div class='ocr_carea' id='block_1_3' title="bbox 64 1358 827 1444">
    <p class='ocr_par' dir='ltr' id='par_1_3' title="bbox 64 1358 827 1444">
     <span class='ocr_line' id='line_1_12' title="bbox 64 1358 827 1444; baseline 0.003 -22"><span class='ocrx_word' id='word_1_87' title='bbox 64 1364 116 1422; x_wconf 91' lang='lat' dir='ltr'>est</span> <span class='ocrx_word' id='word_1_88' title='bbox 138 1359 284 1444; x_wconf 90' lang='lat' dir='ltr'>repetita</span> <span class='ocrx_word' id='word_1_89' title='bbox 307 1382 326 1423; x_wconf 89' lang='lat' dir='ltr'>a</span> <span class='ocrx_word' id='word_1_90' title='bbox 349 1359 462 1424; x_wconf 81' lang='lat' dir='ltr'>Gailio</span> <span class='ocrx_word' id='word_1_91' title='bbox 486 1358 538 1423; x_wconf 89' lang='lat' dir='ltr'>ed.</span> <span class='ocrx_word' id='word_1_92' title='bbox 562 1365 586 1422; x_wconf 88' lang='grc'>1.</span> <span class='ocrx_word' id='word_1_93' title='bbox 611 1360 671 1425; x_wconf 90' lang='lat' dir='ltr'>VI.</span> <span class='ocrx_word' id='word_1_94' title='bbox 694 1381 727 1444; x_wconf 90' lang='lat' dir='ltr'>p.</span> <span class='ocrx_word' id='word_1_95' title='bbox 753 1360 827 1424; x_wconf 81' lang='grc'>786.</span> 
     </span>
    </p>
   </div>
   <div class='ocr_carea' id='block_1_4' title="bbox 300 1531 988 1621">
    <p class='ocr_par' dir='ltr' id='par_1_4' title="bbox 300 1531 988 1621">
     <span class='ocr_line' id='line_1_13' title="bbox 300 1531 988 1621; baseline 0.003 -19"><span class='ocrx_word' id='word_1_96' title='bbox 300 1531 377 1621; x_wconf 72' lang='lat'>52.</span> <span class='ocrx_word' id='word_1_97' title='bbox 425 1535 594 1621; x_wconf 80' lang='lat' dir='ltr'>xenophon</span> <span class='ocrx_word' id='word_1_98' title='bbox 619 1553 680 1621; x_wconf 85' lang='lat' dir='ltr'>quo</span> <span class='ocrx_word' id='word_1_99' title='bbox 705 1553 787 1605; x_wconf 87' lang='lat' dir='ltr'>auno</span> <span class='ocrx_word' id='word_1_100' title='bbox 812 1537 909 1605; x_wconf 79' lang='lat' dir='ltr'>uatus</span> <span class='ocrx_word' id='word_1_101' title='bbox 934 1537 988 1605; x_wconf 81' lang='lat' dir='ltr'>sit</span> 
     </span>
    </p>
   </div>
   <div class='ocr_carea' id='block_1_5' title="bbox 2 1652 1238 3456">
    <p class='ocr_par' dir='ltr' id='par_1_5' title="bbox 2 1652 1238 3456">
     <span class='ocr_line' id='line_1_14' title="bbox 152 1652 1238 1740; baseline 0.002 -24"><span class='ocrx_word' id='word_1_102' title='bbox 152 1653 226 1717; x_wconf 92' lang='lat' dir='ltr'>Iam</span> <span class='ocrx_word' id='word_1_103' title='bbox 249 1658 384 1717; x_wconf 84' lang='lat' dir='ltr'>transeo</span> <span class='ocrx_word' id='word_1_104' title='bbox 409 1652 452 1717; x_wconf 86' lang='lat' dir='ltr'>ad</span> <span class='ocrx_word' id='word_1_105' title='bbox 474 1654 584 1738; x_wconf 84' lang='lat' dir='ltr'>ipsam</span> <span class='ocrx_word' id='word_1_106' title='bbox 606 1676 687 1718; x_wconf 93' lang='lat' dir='ltr'>rem.</span> <span class='ocrx_word' id='word_1_107' title='bbox 735 1654 818 1719; x_wconf 82' lang='lat' dir='ltr'>Fuit</span> <span class='ocrx_word' id='word_1_108' title='bbox 841 1654 1038 1740; x_wconf 88' lang='lat' dir='ltr'>Xenophon</span> <span class='ocrx_word' id='word_1_109' title='bbox 1061 1655 1174 1739; x_wconf 78' lang='lat' dir='ltr'>Grylli</span> <span class='ocrx_word' id='word_1_110' title='bbox 1203 1663 1238 1719; x_wconf 89' lang='lat' dir='ltr'>et</span> 
     </span>
     <span class='ocr_line' id='line_1_15' title="bbox 63 1755 1237 1846; baseline 0.001 -23"><span class='ocrx_word' id='word_1_111' title='bbox 63 1755 265 1843; x_wconf 69' lang='grc'>1110101661)</span> <span class='ocrx_word' id='word_1_112' title='bbox 282 1760 383 1844; x_wconf 82' lang='lat' dir='ltr'>filius,</span> <span class='ocrx_word' id='word_1_113' title='bbox 407 1759 641 1844; x_wconf 80' lang='lat' dir='ltr'>Atheniensis,</span> <span class='ocrx_word' id='word_1_114' title='bbox 666 1767 757 1825; x_wconf 89' lang='lat' dir='ltr'>ortus</span> <span class='ocrx_word' id='word_1_115' title='bbox 782 1784 823 1825; x_wconf 85' lang='lat' dir='ltr'>ex</span> <span class='ocrx_word' id='word_1_116' title='bbox 838 1783 926 1846; x_wconf 88' lang='lat' dir='ltr'>pago</span> <span class='ocrx_word' id='word_1_117' title='bbox 943 1757 1111 1845; x_wconf 77' lang='lat' dir='ltr'>Erchia2)‚</span> <span class='ocrx_word' id='word_1_118' title='bbox 1136 1784 1237 1845; x_wconf 90' lang='lat' dir='ltr'>quem</span> 
     </span>
     <span class='ocr_line' id='line_1_16' title="bbox 63 1866 1237 1953; baseline 0.001 -23"><span class='ocrx_word' id='word_1_119' title='bbox 63 1866 211 1952; x_wconf 89' lang='lat' dir='ltr'>Aegeidi</span> <span class='ocrx_word' id='word_1_120' title='bbox 235 1867 341 1933; x_wconf 90' lang='lat' dir='ltr'>tribui</span> <span class='ocrx_word' id='word_1_121' title='bbox 364 1866 574 1953; x_wconf 90' lang='lat' dir='ltr'>adscriptum</span> <span class='ocrx_word' id='word_1_122' title='bbox 589 1867 695 1932; x_wconf 87' lang='lat' dir='ltr'>fuisse</span> <span class='ocrx_word' id='word_1_123' title='bbox 712 1874 854 1933; x_wconf 88' lang='lat' dir='ltr'>constat.</span> <span class='ocrx_word' id='word_1_124' title='bbox 893 1869 942 1949; x_wconf 81' lang='lat' dir='ltr'>(O.</span> <span class='ocrx_word' id='word_1_125' title='bbox 956 1868 983 1932; x_wconf 92' lang='lat' dir='ltr'>I.</span> <span class='ocrx_word' id='word_1_126' title='bbox 997 1868 1040 1933; x_wconf 89' lang='lat' dir='ltr'>A.</span> <span class='ocrx_word' id='word_1_127' title='bbox 1052 1868 1070 1931; x_wconf 91' lang='grc' dir='ltr'>Ι</span> <span class='ocrx_word' id='word_1_128' title='bbox 1083 1869 1157 1933; x_wconf 79' lang='lat'>299.</span> <span class='ocrx_word' id='word_1_129' title='bbox 1183 1869 1237 1931; x_wconf 89' lang='lat' dir='ltr'>III</span> 
     </span>
     <span class='ocr_line' id='line_1_17' title="bbox 66 1975 1236 2061; baseline 0.001 -23"><span class='ocrx_word' id='word_1_130' title='bbox 66 1975 163 2039; x_wconf 83' lang='lat'>1043.</span> <span class='ocrx_word' id='word_1_131' title='bbox 183 1976 278 2039; x_wconf 83' lang='grc'>1076.</span> <span class='ocrx_word' id='word_1_132' title='bbox 299 1975 395 2038; x_wconf 81' lang='grc'>1031.</span> <span class='ocrx_word' id='word_1_133' title='bbox 415 1975 510 2038; x_wconf 79' lang='lat'>1121.</span> <span class='ocrx_word' id='word_1_134' title='bbox 530 1975 625 2038; x_wconf 80' lang='grc'>1171.</span> <span class='ocrx_word' id='word_1_135' title='bbox 661 1975 812 2060; x_wconf 90' lang='lat' dir='ltr'>Hesych.</span> <span class='ocrx_word' id='word_1_136' title='bbox 830 1998 855 2040; x_wconf 92' lang='lat' dir='ltr'>s.</span> <span class='ocrx_word' id='word_1_137' title='bbox 872 1999 904 2040; x_wconf 79' lang='lat' dir='ltr'>r.</span> <span class='ocrx_word' id='word_1_138' title='bbox 942 1976 1063 2040; x_wconf 80' lang='lat' dir='ltr'>Gelzer</span> <span class='ocrx_word' id='word_1_139' title='bbox 1079 1998 1131 2061; x_wconf 91' lang='lat' dir='ltr'>ap.</span> <span class='ocrx_word' id='word_1_140' title='bbox 1148 1976 1236 2039; x_wconf 89' lang='lat' dir='ltr'>Her-</span> 
     </span>
     <span class='ocr_line' id='line_1_18' title="bbox 65 2078 1236 2168; baseline 0.002 -24"><span class='ocrx_word' id='word_1_141' title='bbox 65 2104 178 2145; x_wconf 87' lang='lat' dir='ltr'>mann.</span> <span class='ocrx_word' id='word_1_142' title='bbox 197 2082 255 2146; x_wconf 79' lang='lat' dir='ltr'>Gr.</span> <span class='ocrx_word' id='word_1_143' title='bbox 270 2082 319 2147; x_wconf 81' lang='lat' dir='ltr'>St.</span> <span class='ocrx_word' id='word_1_144' title='bbox 334 2081 385 2145; x_wconf 90' lang='lat' dir='ltr'>ed.</span> <span class='ocrx_word' id='word_1_145' title='bbox 400 2080 511 2146; x_wconf 85' lang='lat' dir='ltr'>Stark.</span> <span class='ocrx_word' id='word_1_146' title='bbox 524 2081 595 2146; x_wconf 90' lang='lat' dir='ltr'>Alt.</span> <span class='ocrx_word' id='word_1_147' title='bbox 612 2105 645 2168; x_wconf 90' lang='lat' dir='ltr'>p.</span> <span class='ocrx_word' id='word_1_148' title='bbox 659 2078 751 2165; x_wconf 87' lang='grc'>803.)</span> <span class='ocrx_word' id='word_1_149' title='bbox 773 2084 893 2167; x_wconf 86' lang='lat' dir='ltr'>Neque</span> <span class='ocrx_word' id='word_1_150' title='bbox 905 2083 978 2147; x_wconf 82' lang='lat' dir='ltr'>veri</span> <span class='ocrx_word' id='word_1_151' title='bbox 992 2083 1158 2146; x_wconf 85' lang='lat' dir='ltr'>dissimile</span> <span class='ocrx_word' id='word_1_152' title='bbox 1175 2090 1236 2167; x_wconf 83' lang='lat' dir='ltr'>est,</span> 
     </span>
     <span class='ocr_line' id='line_1_19' title="bbox 62 2187 1237 2275; baseline 0.002 -24"><span class='ocrx_word' id='word_1_153' title='bbox 62 2188 328 2274; x_wconf 74' lang='lat' dir='ltr'>Xenophontem</span> <span class='ocrx_word' id='word_1_154' title='bbox 352 2187 526 2253; x_wconf 89' lang='lat' dir='ltr'>hominem</span> <span class='ocrx_word' id='word_1_155' title='bbox 542 2196 733 2273; x_wconf 88' lang='lat' dir='ltr'>equestrem</span> <span class='ocrx_word' id='word_1_156' title='bbox 757 2189 872 2274; x_wconf 78' lang='lat' dir='ltr'>fuisse,</span> <span class='ocrx_word' id='word_1_157' title='bbox 897 2213 973 2254; x_wconf 93' lang='lat' dir='ltr'>cum</span> <span class='ocrx_word' id='word_1_158' title='bbox 991 2196 1024 2254; x_wconf 91' lang='lat' dir='ltr'>et</span> <span class='ocrx_word' id='word_1_159' title='bbox 1041 2191 1113 2275; x_wconf 88' lang='lat' dir='ltr'>ipse</span> <span class='ocrx_word' id='word_1_160' title='bbox 1129 2197 1237 2255; x_wconf 90' lang='lat' dir='ltr'>totam</span> 
     </span>
     <span class='ocr_line' id='line_1_20' title="bbox 62 2287 1235 2383; baseline 0.003 -24"><span class='ocrx_word' id='word_1_161' title='bbox 62 2318 123 2380; x_wconf 91' lang='lat' dir='ltr'>per</span> <span class='ocrx_word' id='word_1_162' title='bbox 166 2296 273 2360; x_wconf 90' lang='lat' dir='ltr'>vitam</span> <span class='ocrx_word' id='word_1_163' title='bbox 307 2296 358 2360; x_wconf 89' lang='lat' dir='ltr'>rei</span> <span class='ocrx_word' id='word_1_164' title='bbox 393 2296 541 2380; x_wconf 91' lang='lat' dir='ltr'>equestri</span> <span class='ocrx_word' id='word_1_165' title='bbox 580 2318 716 2383; x_wconf 90' lang='lat' dir='ltr'>operam</span> <span class='ocrx_word' id='word_1_166' title='bbox 759 2304 900 2361; x_wconf 89' lang='lat' dir='ltr'>navaret</span> <span class='ocrx_word' id='word_1_167' title='bbox 939 2294 991 2379; x_wconf 72' lang='lat' dir='ltr'>(rc.</span> <span class='ocrx_word' id='word_1_168' title='bbox 1028 2287 1127 2357; x_wconf 66' lang='lat' dir='ltr'>‘lma</span> <span class='ocrx_word' id='word_1_169' title='bbox 1163 2298 1181 2361; x_wconf 92' lang='lat' dir='ltr'><strong>I</strong></span> <span class='ocrx_word' id='word_1_170' title='bbox 1218 2298 1235 2361; x_wconf 96' lang='lat'>1</span> 
     </span>
     <span class='ocr_line' id='line_1_21' title="bbox 64 2401 1235 2490; baseline 0.003 -25"><span class='ocrx_word' id='word_1_171' title='bbox 64 2401 172 2487; x_wconf 84' lang='lat' dir='ltr'>seqq.)</span> <span class='ocrx_word' id='word_1_172' title='bbox 204 2410 238 2467; x_wconf 91' lang='lat' dir='ltr'>et</span> <span class='ocrx_word' id='word_1_173' title='bbox 261 2403 325 2469; x_wconf 90' lang='lat' dir='ltr'>filii</span> <span class='ocrx_word' id='word_1_174' title='bbox 348 2403 439 2468; x_wconf 89' lang='lat' dir='ltr'>inter</span> <span class='ocrx_word' id='word_1_175' title='bbox 473 2404 604 2488; x_wconf 88' lang='lat' dir='ltr'>equites</span> <span class='ocrx_word' id='word_1_176' title='bbox 628 2403 893 2468; x_wconf 87' lang='lat' dir='ltr'>Atheniensium</span> <span class='ocrx_word' id='word_1_177' title='bbox 928 2404 1099 2490; x_wconf 89' lang='lat' dir='ltr'>stipendia</span> <span class='ocrx_word' id='word_1_178' title='bbox 1112 2465 1116 2474; x_wconf 90' lang='grc'><strong>,</strong></span> <span class='ocrx_word' id='word_1_179' title='bbox 1129 2428 1235 2468; x_wconf 91' lang='lat' dir='ltr'>mere-</span> 
     </span>
     <span class='ocr_line' id='line_1_22' title="bbox 62 2510 1235 2597; baseline 0.003 -24"><span class='ocrx_word' id='word_1_180' title='bbox 62 2516 190 2574; x_wconf 85' lang='lat' dir='ltr'>rentur.</span> <span class='ocrx_word' id='word_1_181' title='bbox 216 2510 317 2574; x_wconf 82' lang='lat' dir='ltr'>Certe</span> <span class='ocrx_word' id='word_1_182' title='bbox 340 2533 376 2574; x_wconf 90' lang='lat' dir='ltr'>re</span> <span class='ocrx_word' id='word_1_183' title='bbox 399 2510 561 2574; x_wconf 84' lang='lat' dir='ltr'>familiari</span> <span class='ocrx_word' id='word_1_184' title='bbox 582 2533 651 2574; x_wconf 91' lang='lat' dir='ltr'>non</span> <span class='ocrx_word' id='word_1_185' title='bbox 676 2512 792 2595; x_wconf 83' lang='lat' dir='ltr'>caruit,</span> <span class='ocrx_word' id='word_1_186' title='bbox 824 2511 949 2597; x_wconf 90' lang='lat' dir='ltr'>quippe</span> <span class='ocrx_word' id='word_1_187' title='bbox 973 2512 1032 2596; x_wconf 93' lang='lat' dir='ltr'>qui</span> <span class='ocrx_word' id='word_1_188' title='bbox 1055 2535 1125 2576; x_wconf 91' lang='lat' dir='ltr'>non</span> <span class='ocrx_word' id='word_1_189' title='bbox 1148 2534 1235 2575; x_wconf 89' lang='lat' dir='ltr'>mer-</span> 
     </span>
     <span class='ocr_line' id='line_1_23' title="bbox 64 2617 1235 2704; baseline 0.003 -23"><span class='ocrx_word' id='word_1_190' title='bbox 64 2617 219 2681; x_wconf 89' lang='lat' dir='ltr'>cenarius</span> <span class='ocrx_word' id='word_1_191' title='bbox 249 2618 346 2681; x_wconf 90' lang='lat' dir='ltr'>miles</span> <span class='ocrx_word' id='word_1_192' title='bbox 375 2617 434 2681; x_wconf 89' lang='lat' dir='ltr'>sed</span> <span class='ocrx_word' id='word_1_193' title='bbox 465 2617 679 2682; x_wconf 87' lang='lat' dir='ltr'>voluntarius</span> <span class='ocrx_word' id='word_1_194' title='bbox 714 2617 757 2682; x_wconf 92' lang='lat' dir='ltr'>ad</span> <span class='ocrx_word' id='word_1_195' title='bbox 792 2619 920 2704; x_wconf 80' lang='lat' dir='ltr'>Cyrum</span> <span class='ocrx_word' id='word_1_196' title='bbox 953 2619 1124 2704; x_wconf 87' lang='lat' dir='ltr'>profectus</span> <span class='ocrx_word' id='word_1_197' title='bbox 1158 2642 1235 2684; x_wconf 90' lang='lat' dir='ltr'>suos</span> 
     </span>
     <span class='ocr_line' id='line_1_24' title="bbox 64 2723 1236 2811; baseline 0.003 -24"><span class='ocrx_word' id='word_1_198' title='bbox 64 2723 172 2809; x_wconf 89' lang='lat' dir='ltr'>ipsius</span> <span class='ocrx_word' id='word_1_199' title='bbox 209 2746 311 2809; x_wconf 89' lang='lat' dir='ltr'>equos</span> <span class='ocrx_word' id='word_1_200' title='bbox 347 2747 461 2790; x_wconf 90' lang='lat' dir='ltr'>secum</span> <span class='ocrx_word' id='word_1_201' title='bbox 501 2725 637 2790; x_wconf 85' lang='lat' dir='ltr'>duxisse</span> <span class='ocrx_word' id='word_1_202' title='bbox 677 2724 834 2790; x_wconf 88' lang='lat' dir='ltr'>videatur</span> <span class='ocrx_word' id='word_1_203' title='bbox 863 2725 957 2804; x_wconf 63' lang='lat' dir='ltr'>·›(An.</span> <span class='ocrx_word' id='word_1_204' title='bbox 991 2727 1045 2791; x_wconf 88' lang='lat' dir='ltr'>III</span> <span class='ocrx_word' id='word_1_205' title='bbox 1082 2729 1110 2811; x_wconf 94' lang='grc'>1,</span> <span class='ocrx_word' id='word_1_206' title='bbox 1144 2728 1167 2790; x_wconf 87' lang='grc'>4</span> <span class='ocrx_word' id='word_1_207' title='bbox 1202 2733 1236 2790; x_wconf 92' lang='grc'>61</span> 
     </span>
     <span class='ocr_line' id='line_1_25' title="bbox 63 2831 1235 2917; baseline 0.003 -23"><span class='ocrx_word' id='word_1_208' title='bbox 63 2831 93 2914; x_wconf 85' lang='grc'>3,</span> <span class='ocrx_word' id='word_1_209' title='bbox 121 2831 184 2910; x_wconf 87' lang='grc'>19).</span> <span class='ocrx_word' id='word_1_210' title='bbox 242 2832 291 2896; x_wconf 89' lang='lat' dir='ltr'>At</span> <span class='ocrx_word' id='word_1_211' title='bbox 314 2855 379 2917; x_wconf 91' lang='lat' dir='ltr'>quo</span> <span class='ocrx_word' id='word_1_212' title='bbox 403 2855 492 2898; x_wconf 92' lang='lat' dir='ltr'>anno</span> <span class='ocrx_word' id='word_1_213' title='bbox 516 2839 617 2896; x_wconf 88' lang='lat' dir='ltr'>natus</span> <span class='ocrx_word' id='word_1_214' title='bbox 642 2833 700 2917; x_wconf 86' lang='lat' dir='ltr'>sit,</span> <span class='ocrx_word' id='word_1_215' title='bbox 736 2833 878 2897; x_wconf 92' lang='lat' dir='ltr'>minime</span> <span class='ocrx_word' id='word_1_216' title='bbox 907 2833 997 2898; x_wconf 89' lang='lat' dir='ltr'>inter</span> <span class='ocrx_word' id='word_1_217' title='bbox 1021 2857 1056 2898; x_wconf 89' lang='lat' dir='ltr'>se</span> <span class='ocrx_word' id='word_1_218' title='bbox 1080 2834 1235 2898; x_wconf 89' lang='lat' dir='ltr'>homines</span> 
     </span>
     <span class='ocr_line' id='line_1_26' title="bbox 7 2936 1235 3031; baseline 0.003 -30"><span class='ocrx_word' id='word_1_219' title='bbox 7 3026 9 3031; x_wconf 9' lang='lat' dir='ltr'>y</span> <span class='ocrx_word' id='word_1_220' title='bbox 64 2936 156 3002; x_wconf 89' lang='lat' dir='ltr'>docti</span> <span class='ocrx_word' id='word_1_221' title='bbox 180 2940 413 3020; x_wconf 79' lang='lat' dir='ltr'>consentiunt3</span> <span class='ocrx_word' id='word_1_222' title='bbox 441 2948 480 3005; x_wconf 90' lang='lat' dir='ltr'>ut</span> <span class='ocrx_word' id='word_1_223' title='bbox 515 2941 606 3005; x_wconf 91' lang='lat' dir='ltr'>enim</span> <span class='ocrx_word' id='word_1_224' title='bbox 642 2963 697 3005; x_wconf 91' lang='lat' dir='ltr'>eos</span> <span class='ocrx_word' id='word_1_225' title='bbox 732 2941 846 3025; x_wconf 84' lang='lat' dir='ltr'>modo,</span> <span class='ocrx_word' id='word_1_226' title='bbox 883 2941 942 3025; x_wconf 89' lang='lat' dir='ltr'>qui</span> <span class='ocrx_word' id='word_1_227' title='bbox 975 2941 1121 3005; x_wconf 84' lang='lat' dir='ltr'>maxime</span> <span class='ocrx_word' id='word_1_228' title='bbox 1157 2965 1235 3006; x_wconf 92' lang='lat' dir='ltr'>con-</span> 
     </span>
     <span class='ocr_line' id='line_1_27' title="bbox 6 3035 1234 3133; baseline 0.003 -25"><span class='ocrx_word' id='word_1_229' title='bbox 6 3124 7 3129; x_wconf 11' lang='lat'><em>*</em></span> <span class='ocrx_word' id='word_1_230' title='bbox 63 3045 167 3109; x_wconf 90' lang='lat' dir='ltr'>traria</span> <span class='ocrx_word' id='word_1_231' title='bbox 213 3045 489 3132; x_wconf 84' lang='lat' dir='ltr'>disputaverunt,</span> <span class='ocrx_word' id='word_1_232' title='bbox 543 3048 696 3132; x_wconf 81' lang='lat' dir='ltr'>afferam,</span> <span class='ocrx_word' id='word_1_233' title='bbox 744 3035 820 3112; x_wconf 84' lang='lat' dir='ltr'>aliis</span> <span class='ocrx_word' id='word_1_234' title='bbox 868 3048 1117 3133; x_wconf 85' lang='lat' dir='ltr'>quinquaginta</span> <span class='ocrx_word' id='word_1_235' title='bbox 1163 3048 1234 3113; x_wconf 88' lang='lat' dir='ltr'>fere</span> 
     </span>
     <span class='ocr_line' id='line_1_28' title="bbox 5 3135 1235 3240; baseline 0.002 -23"><span class='ocrx_word' id='word_1_236' title='bbox 5 3135 7 3140; x_wconf 30' lang='lat'><strong><em>¹</em></strong></span> <span class='ocrx_word' id='word_1_237' title='bbox 63 3175 169 3218; x_wconf 92' lang='lat' dir='ltr'>annos</span> <span class='ocrx_word' id='word_1_238' title='bbox 207 3159 308 3218; x_wconf 90' lang='lat' dir='ltr'>natus</span> <span class='ocrx_word' id='word_1_239' title='bbox 343 3155 387 3219; x_wconf 87' lang='lat' dir='ltr'>ad</span> <span class='ocrx_word' id='word_1_240' title='bbox 414 3155 543 3240; x_wconf 80' lang='lat' dir='ltr'>Cyrum</span> <span class='ocrx_word' id='word_1_241' title='bbox 577 3155 713 3220; x_wconf 90' lang='lat' dir='ltr'>venisse</span> <span class='ocrx_word' id='word_1_242' title='bbox 752 3154 903 3239; x_wconf 85' lang='lat' dir='ltr'>videtur,</span> <span class='ocrx_word' id='word_1_243' title='bbox 949 3155 1025 3220; x_wconf 86' lang='lat' dir='ltr'>aliis</span> <span class='ocrx_word' id='word_1_244' title='bbox 1071 3155 1235 3220; x_wconf 89' lang='lat' dir='ltr'>vicesimo</span> 
     </span>
     <span class='ocr_line' id='line_1_29' title="bbox 2 3261 1235 3346; baseline 0.002 -22"><span class='ocrx_word' id='word_1_245' title='bbox 2 3311 4 3315; x_wconf 68' lang='lat'>,</span> <span class='ocrx_word' id='word_1_246' title='bbox 64 3267 182 3345; x_wconf 89' lang='lat' dir='ltr'>quarto</span> <span class='ocrx_word' id='word_1_247' title='bbox 218 3261 340 3325; x_wconf 90' lang='lat' dir='ltr'>aetatis</span> <span class='ocrx_word' id='word_1_248' title='bbox 379 3284 477 3326; x_wconf 87' lang='lat' dir='ltr'>annu.</span> <span class='ocrx_word' id='word_1_249' title='bbox 536 3262 651 3346; x_wconf 85' lang='lat' dir='ltr'>Atque</span> <span class='ocrx_word' id='word_1_250' title='bbox 680 3263 717 3326; x_wconf 91' lang='lat' dir='ltr'>in</span> <span class='ocrx_word' id='word_1_251' title='bbox 751 3269 822 3327; x_wconf 89' lang='lat' dir='ltr'>tam</span> <span class='ocrx_word' id='word_1_252' title='bbox 858 3262 1009 3327; x_wconf 88' lang='lat' dir='ltr'>diversas</span> <span class='ocrx_word' id='word_1_253' title='bbox 1045 3263 1235 3327; x_wconf 89' lang='lat' dir='ltr'>sententias</span> 
     </span>
     <span class='ocr_line' id='line_1_30' title="bbox 64 3365 1231 3456; baseline 0.001 -24"><span class='ocrx_word' id='word_1_254' title='bbox 64 3367 178 3454; x_wconf 89' lang='lat' dir='ltr'>potuit</span> <span class='ocrx_word' id='word_1_255' title='bbox 210 3367 305 3453; x_wconf 76' lang='lat' dir='ltr'>abui,</span> <span class='ocrx_word' id='word_1_256' title='bbox 342 3391 418 3433; x_wconf 86' lang='lat' dir='ltr'>cum</span> <span class='ocrx_word' id='word_1_257' title='bbox 446 3369 608 3435; x_wconf 86' lang='lat' dir='ltr'>Straboni</span> <span class='ocrx_word' id='word_1_258' title='bbox 635 3365 862 3456; x_wconf 65' lang='lat' dir='ltr'>Diogenique&#39;]</span> <span class='ocrx_word' id='word_1_259' title='bbox 886 3370 956 3453; x_wconf 83' lang='lat' dir='ltr'>(qui</span> <span class='ocrx_word' id='word_1_260' title='bbox 990 3392 1028 3435; x_wconf 91' lang='lat' dir='ltr'>ec</span> <span class='ocrx_word' id='word_1_261' title='bbox 1059 3371 1133 3434; x_wconf 91' lang='lat' dir='ltr'>loco</span> <span class='ocrx_word' id='word_1_262' title='bbox 1161 3392 1231 3434; x_wconf 90' lang='lat' dir='ltr'>non</span> 
     </span>
    </p>
   </div>
   <div class='ocr_carea' id='block_1_6' title="bbox 62 3650 1235 4350">
    <p class='ocr_par' dir='ltr' id='par_1_6' title="bbox 63 3650 1234 3812">
     <span class='ocr_line' id='line_1_31' title="bbox 153 3650 1234 3722; baseline 0.002 -18"><span class='ocrx_word' id='word_1_263' title='bbox 153 3650 180 3720; x_wconf 85' lang='lat'>1)</span> <span class='ocrx_word' id='word_1_264' title='bbox 209 3652 252 3706; x_wconf 88' lang='lat' dir='ltr'>De</span> <span class='ocrx_word' id='word_1_265' title='bbox 274 3651 369 3722; x_wconf 86' lang='lat' dir='ltr'>Grylli</span> <span class='ocrx_word' id='word_1_266' title='bbox 387 3651 513 3706; x_wconf 89' lang='lat' dir='ltr'>nominis</span> <span class='ocrx_word' id='word_1_267' title='bbox 531 3652 626 3706; x_wconf 89' lang='lat' dir='ltr'>forma</span> <span class='ocrx_word' id='word_1_268' title='bbox 644 3651 775 3722; x_wconf 82' lang='lat' dir='ltr'>legitima</span> <span class='ocrx_word' id='word_1_269' title='bbox 799 3669 851 3706; x_wconf 85' lang='lat' dir='ltr'>nec</span> <span class='ocrx_word' id='word_1_270' title='bbox 868 3670 926 3705; x_wconf 88' lang='lat' dir='ltr'>non</span> <span class='ocrx_word' id='word_1_271' title='bbox 945 3652 980 3705; x_wconf 85' lang='lat' dir='ltr'>de</span> <span class='ocrx_word' id='word_1_272' title='bbox 997 3652 1124 3706; x_wconf 89' lang='lat' dir='ltr'>Diodora</span> <span class='ocrx_word' id='word_1_273' title='bbox 1137 3653 1234 3707; x_wconf 89' lang='lat' dir='ltr'>Xeno-</span> 
     </span>
     <span class='ocr_line' id='line_1_32' title="bbox 63 3739 938 3812; baseline -0.001 -17"><span class='ocrx_word' id='word_1_274' title='bbox 63 3739 180 3812; x_wconf 86' lang='lat' dir='ltr'>phontis</span> <span class='ocrx_word' id='word_1_275' title='bbox 199 3746 291 3795; x_wconf 86' lang='lat' dir='ltr'>matrc</span> <span class='ocrx_word' id='word_1_276' title='bbox 310 3742 373 3812; x_wconf 87' lang='lat' dir='ltr'>lege</span> <span class='ocrx_word' id='word_1_277' title='bbox 392 3742 595 3812; x_wconf 87' lang='lat' dir='ltr'>appendiculas</span> <span class='ocrx_word' id='word_1_278' title='bbox 614 3741 701 3795; x_wconf 90' lang='lat' dir='ltr'>huius</span> <span class='ocrx_word' id='word_1_279' title='bbox 720 3740 938 3796; x_wconf 88' lang='lat' dir='ltr'>dissertationis.</span> 
     </span>
    </p>

    <p class='ocr_par' dir='ltr' id='par_1_7' title="bbox 62 3824 1235 4350">
     <span class='ocr_line' id='line_1_33' title="bbox 152 3824 1234 3902; baseline 0 -18"><span class='ocrx_word' id='word_1_280' title='bbox 152 3829 180 3899; x_wconf 76' lang='grc'>2)</span> <span class='ocrx_word' id='word_1_281' title='bbox 210 3830 317 3884; x_wconf 91' lang='lat' dir='ltr'>Utrum</span> <span class='ocrx_word' id='word_1_282' title='bbox 330 3824 423 3901; x_wconf 78' lang='grc' dir='ltr'><em>Ἑρχίο</em></span> <span class='ocrx_word' id='word_1_283' title='bbox 434 3850 471 3884; x_wconf 89' lang='lat' dir='ltr'>an</span> <span class='ocrx_word' id='word_1_284' title='bbox 481 3824 574 3901; x_wconf 75' lang='grc' dir='ltr'><strong><em>Ἑρχία</em></strong></span> <span class='ocrx_word' id='word_1_285' title='bbox 588 3850 625 3884; x_wconf 87' lang='lat' dir='ltr'>an</span> <span class='ocrx_word' id='word_1_286' title='bbox 638 3824 744 3900; x_wconf 66' lang='lat' dir='ltr'>‘noyers</span> <span class='ocrx_word' id='word_1_287' title='bbox 757 3831 888 3902; x_wconf 86' lang='lat' dir='ltr'>legitima</span> <span class='ocrx_word' id='word_1_288' title='bbox 898 3831 1023 3885; x_wconf 88' lang='lat' dir='ltr'>nominis</span> <span class='ocrx_word' id='word_1_289' title='bbox 1033 3830 1127 3884; x_wconf 88' lang='lat' dir='ltr'>forma</span> <span class='ocrx_word' id='word_1_290' title='bbox 1138 3831 1234 3900; x_wconf 85' lang='lat' dir='ltr'>fuerit,</span> 
     </span>
     <span class='ocr_line' id='line_1_34' title="bbox 64 3914 1234 3991; baseline -0.002 -17"><span class='ocrx_word' id='word_1_291' title='bbox 64 3919 195 3990; x_wconf 85' lang='lat' dir='ltr'>equidem</span> <span class='ocrx_word' id='word_1_292' title='bbox 202 3920 361 3975; x_wconf 88' lang='lat' dir='ltr'>discernere</span> <span class='ocrx_word' id='word_1_293' title='bbox 371 3939 429 3974; x_wconf 90' lang='lat' dir='ltr'>non</span> <span class='ocrx_word' id='word_1_294' title='bbox 440 3922 537 3978; x_wconf 85' lang='lat' dir='ltr'>audeo.</span> <span class='ocrx_word' id='word_1_295' title='bbox 566 3921 689 3991; x_wconf 85' lang='lat' dir='ltr'>Legitur</span> <span class='ocrx_word' id='word_1_296' title='bbox 699 3921 775 3974; x_wconf 86' lang='lat' dir='ltr'>enim</span> <span class='ocrx_word' id='word_1_297' title='bbox 786 3927 814 3975; x_wconf 89' lang='lat' dir='ltr'>et</span> <span class='ocrx_word' id='word_1_298' title='bbox 824 3914 1234 3991; x_wconf 66' lang='grc' dir='ltr'>Ἑρχιεύς11116611111101111116,</span> 
     </span>
     <span class='ocr_line' id='line_1_35' title="bbox 64 4008 1235 4080; baseline 0 -18"><span class='ocrx_word' id='word_1_299' title='bbox 64 4026 136 4079; x_wconf 86' lang='lat' dir='ltr'>quae</span> <span class='ocrx_word' id='word_1_300' title='bbox 164 4009 298 4080; x_wconf 86' lang='lat' dir='ltr'>spiritum</span> <span class='ocrx_word' id='word_1_301' title='bbox 326 4028 460 4080; x_wconf 89' lang='lat' dir='ltr'>asperum</span> <span class='ocrx_word' id='word_1_302' title='bbox 488 4011 625 4064; x_wconf 86' lang='lat' dir='ltr'>exhibent</span> <span class='ocrx_word' id='word_1_303' title='bbox 653 4011 745 4079; x_wconf 86' lang='lat' dir='ltr'>(velut</span> <span class='ocrx_word' id='word_1_304' title='bbox 769 4011 798 4064; x_wconf 78' lang='lat' dir='ltr'>O.</span> <span class='ocrx_word' id='word_1_305' title='bbox 825 4010 848 4063; x_wconf 89' lang='grc' dir='ltr'>Ι.</span> <span class='ocrx_word' id='word_1_306' title='bbox 875 4010 909 4062; x_wconf 90' lang='lat' dir='ltr'>A.</span> <span class='ocrx_word' id='word_1_307' title='bbox 930 4009 944 4061; x_wconf 89' lang='grc' dir='ltr'>Ι</span> <span class='ocrx_word' id='word_1_308' title='bbox 964 4011 1023 4064; x_wconf 77' lang='grc'>179.</span> <span class='ocrx_word' id='word_1_309' title='bbox 1043 4012 1103 4063; x_wconf 76' lang='lat'>296.</span> <span class='ocrx_word' id='word_1_310' title='bbox 1123 4008 1186 4079; x_wconf 89' lang='grc'>318)</span> <span class='ocrx_word' id='word_1_311' title='bbox 1207 4016 1235 4063; x_wconf 90' lang='grc'>61</span> 
     </span>
     <span class='ocr_line' id='line_1_36' title="bbox 64 4091 1233 4172; baseline 0.002 -23"><span class='ocrx_word' id='word_1_312' title='bbox 64 4091 183 4168; x_wconf 76' lang='grc' dir='ltr'><em>Ἑρχιεύς</em></span> <span class='ocrx_word' id='word_1_313' title='bbox 201 4099 232 4151; x_wconf 92' lang='lat' dir='ltr'>in</span> <span class='ocrx_word' id='word_1_314' title='bbox 250 4098 351 4168; x_wconf 80' lang='lat' dir='ltr'>titulis⁷</span> <span class='ocrx_word' id='word_1_315' title='bbox 380 4100 429 4169; x_wconf 90' lang='lat' dir='ltr'>qui</span> <span class='ocrx_word' id='word_1_316' title='bbox 448 4099 653 4170; x_wconf 87' lang='lat' dir='ltr'>aspirationem</span> <span class='ocrx_word' id='word_1_317' title='bbox 672 4100 785 4172; x_wconf 86' lang='lat' dir='ltr'>saepius</span> <span class='ocrx_word' id='word_1_318' title='bbox 804 4100 962 4170; x_wconf 85' lang='lat' dir='ltr'>neglegant</span> <span class='ocrx_word' id='word_1_319' title='bbox 981 4098 1023 4166; x_wconf 79' lang='lat' dir='ltr'>(O.</span> <span class='ocrx_word' id='word_1_320' title='bbox 1043 4099 1066 4152; x_wconf 88' lang='grc' dir='ltr'>Ι.</span> <span class='ocrx_word' id='word_1_321' title='bbox 1085 4098 1119 4152; x_wconf 89' lang='lat' dir='ltr'>A.</span> <span class='ocrx_word' id='word_1_322' title='bbox 1140 4100 1154 4152; x_wconf 89' lang='grc' dir='ltr'><strong>Ι</strong></span> <span class='ocrx_word' id='word_1_323' title='bbox 1175 4100 1233 4151; x_wconf 86' lang='grc'>188.</span> 
     </span>
     <span class='ocr_line' id='line_1_37' title="bbox 62 4182 1235 4259; baseline 0.001 -18"><span class='ocrx_word' id='word_1_324' title='bbox 62 4186 127 4256; x_wconf 78' lang='grc'>324)</span> <span class='ocrx_word' id='word_1_325' title='bbox 147 4193 176 4242; x_wconf 88' lang='grc'>61</span> <span class='ocrx_word' id='word_1_326' title='bbox 195 4182 330 4258; x_wconf 70' lang='grc' dir='ltr'><em>Ἑρχειεύς</em></span> <span class='ocrx_word' id='word_1_327' title='bbox 352 4182 512 4259; x_wconf 74' lang='grc' dir='ltr'>(Ἐφημερὶς</span> <span class='ocrx_word' id='word_1_328' title='bbox 538 4182 744 4258; x_wconf 72' lang='grc' dir='ltr'>ἅρχαιολογικὴ.</span> <span class='ocrx_word' id='word_1_329' title='bbox 762 4187 876 4259; x_wconf 76' lang='grc' dir='ltr'>Περίοδ.</span> <span class='ocrx_word' id='word_1_330' title='bbox 897 4189 930 4241; x_wconf 94' lang='lat' dir='ltr'>B.</span> <span class='ocrx_word' id='word_1_331' title='bbox 952 4189 1027 4243; x_wconf 75' lang='grc'>1862.</span> <span class='ocrx_word' id='word_1_332' title='bbox 1048 4207 1075 4243; x_wconf 89' lang='grc'>11,</span> <span class='ocrx_word' id='word_1_333' title='bbox 1098 4187 1159 4256; x_wconf 88' lang='grc'>108)</span> <span class='ocrx_word' id='word_1_334' title='bbox 1183 4207 1235 4242; x_wconf 83' lang='grc'>1166</span> 
     </span>
     <span class='ocr_line' id='line_1_38' title="bbox 64 4269 628 4350; baseline -0.002 -17"><span class='ocrx_word' id='word_1_335' title='bbox 64 4294 122 4333; x_wconf 86' lang='lat' dir='ltr'>non</span> <span class='ocrx_word' id='word_1_336' title='bbox 141 4269 248 4348; x_wconf 75' lang='grc' dir='ltr'><em>Ἑρχείο</em></span> <span class='ocrx_word' id='word_1_337' title='bbox 268 4277 343 4350; x_wconf 89' lang='lat' dir='ltr'>apud</span> <span class='ocrx_word' id='word_1_338' title='bbox 361 4277 541 4348; x_wconf 90' lang='lat' dir='ltr'>Hesychium</span> <span class='ocrx_word' id='word_1_339' title='bbox 561 4296 581 4334; x_wconf 80' lang='lat' dir='ltr'>s,</span> <span class='ocrx_word' id='word_1_340' title='bbox 602 4298 628 4334; x_wconf 87' lang='lat' dir='ltr'>v.</span> 
     </span>
    </p>
   </div>
   <div class='ocr_carea' id='block_1_7' title="bbox 0 0 1444 4852">
    <p class='ocr_par' dir='ltr' id='par_1_8' title="bbox 0 0 1444 4852">
     <span class='ocr_line' id='line_1_39' title="bbox 0 0 1444 4852; baseline 0 0"><span class='ocrx_word' id='word_1_341' title='bbox 0 0 1444 4852; x_wconf 95' lang='lat' dir='ltr'> </span> 
     </span>
    </p>
   </div>
  </div>
 </body>
</html>
