2880 4852
687 309 928 373 —108-

222 491 257 549 et
295 483 385 550 inter
419 487 574 574 exempla
608 489 710 553 allata
746 488 903 573 Gryllum
939 475 1070 573 quoque
1104 484 1229 552 nornen
1264 487 1397 553 laudat:

111 678 113 682 ι
223 583 366 674 Γρύλλος
382 585 534 677 καθάρας
549 586 625 668 τούς
641 587 906 680 ΑιοοκούροοςῙ),
932 585 976 669 ὡς
995 590 1250 679 Φιλοστέφανος.
1277 596 1396 681 Phry-

221 700 343 764 nichus
372 708 489 765 eontra
512 703 641 787 (Eelog.
670 726 703 788 p.
731 701 808 783 101)
837 703 947 768 dooet:
972 705 1004 763 Γ
1000 696 1159 785 ρολλίζειν
1189 694 1302 788 διττὴν
1331 695 1396 780 ἔχει

222 798 281 893 τὴν
305 797 482 891 ἁμαρτίαν·
508 800 541 869 ἔν
563 829 598 870 τε
621 809 662 894 τῇ
686 810 843 895 προφορᾷ
872 803 928 871 διὰ
952 809 1016 870 τῶν
1051 801 1109 871 δύο
1133 806 1187 885 λλ,
1224 804 1258 869 ἐν
1289 805 1326 870 δὲ
1349 810 1397 891 τῷ

223 909 450 1000 οημοινομένφ
476 905 527 977 ὅτι
551 909 645 999 παρὰ
668 917 739 991 τοῖς
763 907 912 1000 ἄρχαίοις
941 909 978 978 νύ
1003 910 1182 999 γρολλίζειν
1205 911 1276 977 eorl
1299 911 1395 977 τιθέ-

222 1043 318 1100 μενον
341 1017 400 1083 ἐπὶ
423 1023 481 1108 τῆς
504 1023 569 1084 ’τῶν
593 1024 678 1085 οοῶν
701 1025 826 1109 φωνῆς,
858 1018 889 1086 oi
914 1019 950 1086 δὲ
974 1024 1027 1085 νῦν
1050 1016 1224 1085 τοὶονοοοιν
1247 1018 1308 1084 ἐπὶ
1331 1024 1397 1084 τῶν

223 1130 389 1213 φορτικῶς
413 1119 622 1213 ὀρχουμένων.
653 1126 736 1214 ἐρεῖς
761 1115 816 1193 ούν
839 1125 997 1215 γρολίζειν
1020 1126 1076 1192 καὶ
1101 1122 1276 1215 φρολιομὸς
1300 1131 1395 1207 σνῶν,

224 1225 261 1297 ού
297 1230 492 1320 φρολλιομύς
526 1235 602 1321 (efr.
633 1240 803 1326 Exaerpta
836 1239 1027 1325 Phryniohi
1061 1239 1199 1304 nomine
1231 1239 1398 1326 inscripta

225 1344 314 1430 apud
329 1345 476 1410 Beh‘her.
501 1346 632 1411 Aneod.
657 1348 674 1411 I
697 1372 730 1434 p.
748 1345 815 1430 33).
854 1349 909 1412 Ex
932 1347 1053 1432 quibus
1070 1347 1300 1431 colligendum
1325 1369 1397 1411 esse

151 1538 156 1549 Ι
223 1451 369 1537 videtur,
393 1476 518 1518 nornen
542 1477 674 1541 quoque
699 1455 812 1541 Grylli
834 1477 896 1541 per
918 1477 1024 1519 unum
1046 1455 1059 1518 l
1083 1454 1301 1520 scribendum
1324 1477 1397 1518 esse

224 1556 297 1642 (ofr.
318 1560 456 1626 Suids
474 1558 532 1644 v.).
578 1562 692 1648 Atque
717 1585 756 1627 ea
779 1562 911 1627 ratione
935 1562 1100 1648 seriptum
1122 1584 1248 1626 nomen
1271 1562 1398 1645 legitur

223 1666 368 1732 Pausan.
394 1668 411 1731 I
435 1670 465 1753 3,
489 1669 524 1753 4;
549 1670 636 1736 VIH
659 1671 689 1754 9,
715 1671 735 1733 5
760 1692 846 1754 sqq.;
870 1670 925 1733 IX
941 1669 1001 1752 15,
1027 1669 1072 1753 5,·
1094 1669 1155 1734 ubi
1178 1668 1244 1733 duo
1268 1669 1398 1755 primae

225 1775 342 1840 elassis
366 1775 499 1840 oodioes
522 1776 629 1842 Paris.
657 1778 743 1842 1410
771 1783 806 1841 et
828 1775 1062 1860 Angelioanus
1087 1778 1118 1836 Γ
1115 1772 1211 1858 ρύλον
1235 1775 1399 1841 exhibent

225 1880 298 1966 (efr.
313 1882 481 1949 Sohubart
504 1890 538 1948 et
561 1885 660 1949 Walz
685 1884 746 1950 ed.
761 1884 838 1949 mai.
864 1885 885 1948 l.
910 1884 958 1968 1.),
982 1884 1018 1948 id
1043 1883 1133 1968 quod
1155 1884 1193 1947 in
1208 1884 1399 1969 Harpocra-

225 1991 329 2055 tionis
355 2013 487 2076 quoque
511 1987 692 2078 epitome2)
728 2015 754 2056 s.
778 2015 810 2056 v.
836 1994 867 2053 Γ
865 1988 960 2075 ρῦλος
988 1999 1022 2056 ot
1049 1982 1291 2076 Κηφισόδωρος
1313 1991 1400 2074 legi-

224 2105 290 2163 tur.
316 2100 347 2159 Γ
345 2090 441 2181 ρύλον
464 2121 544 2163 vero
569 2105 603 2163 et
627 2090 753 2182 Γρύλου
777 2099 939 2166 exhibent
967 2098 1098 2178 oodioes
1127 2097 1270 2163 Diodori
1293 2098 1401 2163 XVII

224 2205 270 2269 40
293 2205 366 2286 (ofr.
390 2206 430 2271 L.
455 2206 613 2272 Dindorf.
638 2207 800 2293 Stephon.
826 2206 926 2272 Thes.
952 2229 977 2270 s.
1002 2205 1062 2290 v.)‚
1097 2205 1237 2271 Arriani
1265 2206 1400 2290 Cyneg.

225 2314 243 2377 1
269 2308 331 2398 1³),
355 2314 543 2378 Pausaniae
565 2315 689 2400 reliqui
712 2315 841 2400 primae
865 2321 899 2379 et
923 2314 1089 2378 secundae
1113 2313 1230 2378 elassis
1255 2313 1399 2397 codices,

226 2421 392 2507 Diogenis
416 2423 455 2486 L.
481 2422 554 2488 cod.
590 2422 835 2509 Neapolitanus
870 2421 1069 2486 Nationalis‘
1099 2415 1214 2504 2534),
1249 2420 1400 2484 Pollucis

227 2529 359 2593 oodioes
384 2529 506 2615 optimi
530 2529 600 2610 (ofr.
624 2529 781 2594 Dindorf.
803 2530 835 2594 V
858 2528 995 2615 pass),
1020 2526 1301 2614 Harpocrationis
1327 2526 1400 2592 ood.

226 2637 333 2702 Paris.
352 2637 439 2702 2552
455 2638 497 2720 D,
523 2637 647 2703 Suidae
671 2636 743 2702 eod.
768 2635 875 2701 Paris.
892 2635 934 2720 A,
958 2635 1100 2700 fortasse
1117 2657 1249 2719 quoque
1266 2634 1401 2699 eodiees

227 2744 365 2809 Aeliani
388 2741 444 2828 (N.
468 2745 513 2810 H.
537 2745 588 2810 VI
603 2743 669 2824 25),
698 2744 855 2808 Herodae
878 2743 1114 2829 iambographi
1137 2739 1279 2827 (Bergk,
1304 2742 1400 2806 Poet.

227 2853 308 2938 Lyr.
335 2851 392 2916 Gr.
409 2853 446 2916 Π
460 2851 548 2935 509),
573 2851 749 2916 Plutarchi
773 2851 876 2931 (cons
901 2850 944 2914 ad
960 2850 1073 2937 Apoll.
1092 2837 1148 2933 33'3
1173 2849 1270 2914 Brut.
1296 2848 1399 2914 anim.

226 2966 288 3024 rat.
313 2959 403 3024 titul.
430 2967 464 3025 et
488 2983 515 3024 o.
539 2961 572 3025 V
595 2958 667 3044 sq.),
691 2959 747 3024 Ps
772 2958 918 3023 Luoiani
941 2955 1102 3042 (Maorob.
1132 2956 1197 3041 21),
1222 2956 1401 3022 Strabonis

229 3063 298 3150 (IX
320 3064 410 3151 403),
447 3067 506 3132 ubi
530 3066 676 3131 editores
700 3066 813 3131 variae
848 3065 1005 3130 leotionis
1039 3065 1167 3129 nullius
1190 3064 1403 3129 mentionem

228 3173 374 3259 faciunt,
410 3197 474 3239 neo
507 3197 577 3239 non
600 3173 739 3238 Arriani
762 3172 883 3254 (Anab.
908 3173 999 3256 118,
1027 3169 1091 3256 11),
1128 3172 1223 3236 ouius
1242 3171 1402 3258 optimus

230 3282 335 3347 codex
357 3285 510 3349 Venetus
533 3281 685 3346 nondum
709 3282 851 3346 collatus
876 3287 936 3344 est.
989 3278 1117 3344 Confer
1139 3301 1220 3343 vero
1244 3271 1404 3360 γρολίζειν

229 3389 289 3454 Ar.
325 3390 410 3455 th.
447 3391 521 3474 746,
556 3389 622 3454 Dio
660 3389 779 3474 Chrys.
817 3411 863 3458 or.
885 3387 954 3453 VH
989 3384 1020 3467 (Ι
1044 3387 1108 3451 246
1124 3383 1192 3470 Β),
1228 3376 1404 3469 γρολισμός

229 3496 372 3561 Aristot.
396 3498 441 3561 H.
464 3496 506 3561 A.
531 3496 582 3563 IV
604 3498 624 3560 9
649 3496 693 3582 (p.
710 3497 785 3580 535,
812 3496 852 3560 17
876 3490 1011 3579 Baka),
1037 3494 1139 3559 sohol.
1164 3493 1224 3558 Ar.
1241 3493 1333 3561 Plut.
1353 3493 1403 3576 17,

232 3604 326 3670 Suid.
351 3627 376 3669 e.
390 3628 433 3688 v..
458 3605 606 3689 Hesyoh.
633 3627 657 3669 s.
672 3628 703 3669 v.
723 3639 764 3650 -
779 3595 922 3686 Γρύλλος
945 3608 1063 3667 eontra
1085 3601 1122 3665 in
1145 3623 1213 3665 uno
1238 3605 1405 3685 quantum

232 3712 333 3777 video
365 3712 537 3778 Marciano
567 3712 736 3778 Athenaei
770 3711 897 3795 legitur
932 3707 978 3793 (Χ
1000 3709 1066 3773 427
1091 3707 1114 3793 f,
1152 3708 1218 3774 ofn·
1248 3709 1300 3774 VI
1323 3707 1404 3791 245;

341 3871 368 3936 1)
388 3871 507 3942 Gryllus
525 3871 680 3926 Dioscuros
699 3874 765 3940 post
783 3867 934 3939 Aphidnas
953 3872 1136 3939 expugnatas
1161 3884 1199 3920 an
1222 3869 1289 3937 post
1308 3865 1407 3938 Aphe-

232 3961 309 4016 ridas
328 3961 437 4016 oooisos
455 3980 493 4015 an
512 3966 577 4032 post
596 3960 746 4014 castellum
765 3959 822 4011 Las
838 3957 971 4011 dirutum
994 3955 1175 4024 lustraverit,
1198 3974 1258 4010 non
1277 3960 1406 4026 apparet.

339 4051 369 4121 2)
388 4051 543 4123 Epitomen
561 4046 802 4120 Harpocrationis
821 4048 910 4102 verba
929 4045 1100 4117 corruptelis
1119 4044 1237 4100 minime
1254 4043 1411 4116 inquinata

235 4144 371 4215 praebere
389 4146 491 4196 notum
511 4145 554 4194 est
574 4138 636 4208 (ofr.
656 4136 789 4191 Dindorf.
809 4136 852 4192 ed.
871 4136 960 4207 praef.
980 4154 1007 4206 p.
1028 4133 1080 4205 15).

341 4232 369 4302 3)
389 4229 523 4286 Codioem
551 4228 718 4284 Palatinum
745 4228 810 4295 398,
839 4224 968 4280 omnium
996 4224 1046 4296 qui
1073 4223 1263 4279 inveniuntur
1291 4223 1411 4279 Arriani

233 4322 322 4377 libelli
349 4323 435 4393 longe
463 4319 605 4393 optimum
635 4311 740 4389 Γρύλου
767 4315 901 4371 exhibere
924 4314 1066 4368 Ruehlius
1089 4313 1120 4367 in
1146 4313 1210 4386 ipsa
1233 4312 1410 4369 bibliotheca

231 4412 369 4467 Palatina
387 4411 469 4466 vidit.

328 4499 539 4574 &OEpffi
