2880 4852
10 40 13 61 Ι

10 88 14 117 1

10 274 12 291 1

539 248 757 318 -97ψ

52 430 111 499 illo
135 438 297 520 tempore
326 454 393 519 pax
419 432 511 498 inter
534 431 690 498 civitates
714 432 861 498 Graecas
884 431 1030 497 iniretur
1052 437 1088 495 et
1110 455 1138 498 a.
1163 429 1230 498 361
1319 446 1321 451 ’

54 562 93 606 ea
115 561 209 626 qnae
234 539 406 606 Thebanis
429 539 562 605 faveret
584 538 687 626 factio
712 538 864 626 superior
887 538 979 604 facta
999 538 1231 605 Callistratum

55 647 246 734 expelleret
281 647 409 730 (Grote,
433 647 477 713 H.
503 645 667 713 (16.1(
689 646 820 729 48116
846 646 998 731 Curtius,
1024 648 1083 712 Gr.
1108 646 1230 713 Gesch.

55 749 137 819 lII5
159 753 241 820 460.
267 749 367 838 791).

350 928 450 1017 525.
498 931 540 999 ne
565 929 666 1013 libello
691 924 769 1016 περὶ
794 921 951 1016 ἱππικῆς.

117 1160 128 1170 ·
165 1074 342 1140 Libellum
380 1074 422 1140 de
458 1096 496 1139 re
535 1073 684 1159 equestri
721 1080 799 1160 post
832 1074 1103 1161 Hipparchicum
1142 1097 1233 1140 com-

56 1181 212 1269 positum
246 1204 319 1247 esse
353 1181 449 1266 mihi,
486 1203 689 1267 quamquam
719 1181 896 1247 Nitschius
937 1187 1052 1268 negat,
1089 1187 1233 1266 constat,

57 1312 135 1355 cnm
159 1288 262 1354 illum
284 1288 400 1354 laudet
414 1289 610 1375 Xenophon
633 1311 671 1348 π.
686 1277 778 1348 Ἱππ.
800 1287 947 1353 XH14:
973 1275 995 1349 ἃ
1016 1283 1052 1350 δὲ
1071 1279 1233 1373 ἱππάρχῳ

54 1387 225 1481 concriset
253 1387 374 1458 εἰδέναι
401 1416 437 1457 τε
463 1390 520 1457 καὶ
544 1387 716 1480 πράττειν,
745 1389 779 1456 ἐν
806 1387 904 1479 ἑτέρῳ
927 1385 1014 1477 λόγῳ
1039 1387 1232 1482 δεδήλωται.

53 1502 119 1571 Π16
142 1525 231 1569 1616
254 1502 345 1584 (Abs.
371 1503 402 1568 d.
428 1505 562 1569 Hellen.
586 1527 619 1589 p.
637 1504 680 1568 52
697 1497 780 1588 seq.)
803 1503 883 1568 libri
905 1503 1088 1568 maximam
1103 1510 1235 1590 partem

52 1611 232 1678 Scillunte
255 1610 417 1698 scriptam
441 1618 476 1676 et
490 1611 546 1677 XI
564 1611 693 1675 10-12
715 1603 891 1695 totumque
912 1616 1014 1697 eaput
1028 1609 1102 1675 XII
1116 1616 1235 1697 postea

51 1718 220 1785 additum
242 1740 316 1783 esse
338 1724 446 1804 putat.
494 1718 603 1795 Quam
630 1717 668 1782 in
696 1718 901 1782 sententiam
924 1718 1018 1782 nulla
1045 1717 1112 1782 alia
1135 1740 1235 1783 causa

51 1829 252 1892 commotus
273 1825 397 1890 abiisse
417 1825 563 1910 videtur,
585 1848 623 1890 ac
643 1825 830 1911 cupiditate
851 1801 1133 1911 endyclopaediae
1155 1846 1235 1889 suae

51 1930 309 1998 defendendae.
345 1932 611 2018 Xenophontem
628 1932 721 1996 enim
737 1932 903 1998 Scillunte
925 1967 966 1976 -
984 1932 1124 1996 Catonis
1141 1932 1235 1997 scili-

51 2045 113 2106 cet
138 2037 264 2104 ducem
287 2045 322 2104 et
346 2040 537 2126 exemplum
560 2077 603 2085 -
630 2039 834 2125 ,Praecepta
857 2038 900 2104 ad
923 2033 1031 2104 filios“
1058 2061 1234 2126 composu-

52 2148 127 2213 isse
160 2151 272 2233 putat,
301 2147 480 2232 encyclion
503 2170 619 2212 earum
641 2169 754 2211 rerum
778 2145 1008 2232 disciplinam,
1032 2168 1117 2232 quae
1140 2147 1235 2213 iuve-

54 2277 143 2320 nem
166 2253 316 2319 nobilem
340 2252 512 2338 decerent;
538 2254 634 2319 cuius
657 2254 768 2340 operis
785 2254 1043 2339 Cynegeticum,
1068 2253 1177 2319 libelli
1193 2254 1236 2318 de

55 2384 96 2427 re
121 2361 275 2446 equestri
297 2361 445 2447 priorem
468 2361 562 2426 illam
585 2367 726 2448 partem,
750 2360 1027 2446 Oeconomicum,
1052 2361 1109 2427 vel
1131 2361 1236 2426 Lace·

59 2468 320 2534 daemoniorum
332 2468 591 2554 Rempublicam
603 2475 715 2552 partes
732 2466 837 2532 fuisse
854 2473 980 2533 censet.
1012 2467 1111 2545 Quod
1126 2490 1236 2554 neque

60 2599 127 2663 per.
149 2597 185 2640 se
208 2574 394 2640 verisimile
419 2583 453 2641 et
476 2575 519 2640 iis
543 2575 626 2640 satis
649 2574 834 2640 1616161611
858 2581 923 2659 661,
948 2597 1033 2661 quae
1058 2574 1099 2640 de
1123 2576 1236 2661 Cyne-

10 2714 12 2721 ·
64 2682 172 2768 getici
196 2688 306 2748 aetate
330 2705 430 2769 supra
454 2682 712 2769 disputavimus.
752 2683 869 2748 Unum
892 2678 974 2748 1616
995 2688 1235 2768 argumentum

65 2795 126 2874 est,
152 2812 219 2874 quo
241 2789 366 2855 librum
391 2789 432 2854 de
455 2813 492 2855 re
516 2789 664 2874 equestri
691 2811 761 2854 non
785 2789 945 2855 continuo
963 2789 1127 2875 scriptum
1151 2812 1234 2875 esse,

66 2895 125 2962 sed
148 2897 291 2962 alteram
313 2905 445 2983 partem
469 2897 645 2982 Scillunte,
670 2897 809 2962 alteram
833 2919 862 2962 6.
886 2897 961 2981 369,
994 2918 1060 2982 quo
1084 2902 1236 2984 tempore

65 3003 334 3091 Hipparchicum
373 3004 567 3090 Xenophon
606 3009 838 3094 componeret,
878 3003 1076 3069 confirmare
1110 3005 1235 3089 studet,

67 3110 124 3176 sed
148 3134 191 3176 ex
214 3133 253 3176 eo
269 3109 454 3197 quidquam
470 3111 561 3177 effici
576 3134 674 3198 posse
689 3134 789 3198 nego.
828 3111 915 3176 Oum
931 3111 1023 3176 enim
1038 3111 1235 3197 Xenophon

67 3217 166 3283 initio
200 3218 285 3283 noni
319 3219 440 3305 capitis
475 3226 576 3305 atque
605 3218 785 3284 undecimo
814 3224 959 3283 exeunte
985 3240 1039 3282 166
1067 3240 1174 3303 usque
1197 3241 1236 3284 eo

67 3324 258 3414 disputatas
282 3325 544 3412 comprehendat
565 3327 781 3411 breviterque
804 3332 950 3412 repetat,
974 3324 1150 3391 Nitschius
1173 3325 1238 3391 hac

65 3433 268 3521 reprobare
290 3435 379 3518 vult,
404 3433 589 3521 pristinum
611 3433 736 3498 librum
760 3440 835 3499 octo
863 3432 963 3498 modo
991 3432 1102 3518 priora
1126 3432 1238 3519 capita

66 3539 377 3627 comprehendisse,
421 3562 498 3606 oum
537 3540 723 3627 appendice
756 3541 856 3624 noni,
892 3539 1029 3625 decimi,
1064 3539 1238 3605 undecimi

61 3654 200 3735 praeter
222 3669 292 3733 par.
320 3648 464 3731 10-123
488 3647 549 3713 has
577 3671 658 3714 vero
686 3648 915 3734 paragraphos
939 3670 1016 3712 cum
1039 3647 1238 3714 duodecimo

63 3756 179 3842 capite
196 3753 329 3819 additas
347 3777 430 3840 6666,
455 3777 521 3840 quo
536 3761 688 3840 tempore
704 3754 954 3843 Hipparchicus
970 3761 1236 3841 componeretur.

64 3862 162 3941 Quae
185 3861 273 3926 mihi
295 3862 436 3927 minime
466 3863 651 3949 persuasit,
687 3885 764 3927 cum
792 3862 860 3926 tria
887 3860 946 3926 illa
976 3862 1088 3947 capita
1111 3873 1238 3949 appen-

61 3970 179 4035 dicem
203 3990 276 4033 esse
291 3991 420 4054 negans
445 3992 484 4034 66
505 3975 638 4062 partem
658 3969 739 4034 libri
759 3968 983 4034 necessariam
1000 3968 1120 4034 dicam.
1149 3969 1238 4034 Nam

61 4099 145 4143 cum
168 4098 275 4160 usque
299 4098 338 4141 eo
363 4075 404 4140 de
428 4076 524 4162 equis
548 4075 759 4162 disputatum
783 4076 837 4155 sit,
862 4075 978 4160 quales
1002 4098 1075 4141 esse
1098 4076 1238 4160 soleant,

60 4205 157 4251 nono
181 4183 292 4270 eapite
315 4183 483 4268 quomodo
508 4205 593 4269 equo
615 4184 781 4249 utendum
797 4183 843 4248 sit
859 4182 1051 4268 disseritur,
1082 4183 1142 4268 qui
1164 4182 1239 4247 sive

61 4290 212 4358 alacrior
234 4290 307 4356 6116
331 4290 489 4377 ignavior
512 4296 616 4375 esset,
642 4314 742 4377 quarn
767 4289 919 4374 deberet,
945 4288 1076 4356 decimo
1099 4289 1239 4355 undeci-

61 4420 204 4485 moque,
241 4397 407 4485 quomodo
441 4398 485 4463 ad
520 4399 784 4464 ostentationem
819 4405 919 4483 atque
949 4419 1109 4484 pompam
1133 4419 1239 4483 equus

1028 4501 1044 4557 7
