2880 4852
559 179 777 247 ..16-

82 372 143 450 ret,
168 389 229 452 per
252 371 398 430 aetatem
423 363 561 449 quidem
584 363 659 426 fieri
682 362 794 448 potuit
802 357 836 446 ¹),
862 361 921 426 sed
938 360 1039 426 certis
1063 358 1253 426 rationibus

82 496 151 538 non
185 473 356 559 probatur.
416 472 627 556 Quamquam
656 471 748 535 enim
773 470 890 534 Cicero
925 469 980 550 (de
1004 469 1134 533 invent.
1159 468 1177 531 Ι
1200 468 1255 530 31.

83 580 151 645 cfr·
170 579 312 657 Quintil.
336 580 369 644 V
395 581 445 662 11,
470 574 527 661 27)
547 572 730 642 Aeschinis
753 577 918 642 Socratici
934 577 1106 660 dialogum
1128 574 1255 657 laudat,

84 710 149 772 quo
173 687 232 751 ille
255 686 435 772 Aspasiam
464 708 540 749 cum
569 684 800 771 Xenophonte
826 684 966 769 eiusque
989 704 1091 748 uxore
1115 683 1255 767 loquen-

82 800 153 859 tem
177 794 260 858 fecit
283 791 357 877 (cfr.
384 793 420 857 0.
445 794 485 857 F.
514 791 705 856 Hermanni
729 791 771 856 de
794 791 917 856 Aesoh.
944 791 1034 856 Socr.
1051 790 1123 854 rell.
1141 811 1255 875 progr.

88 901 245 986 Gotting.
267 898 377 984 1850),
401 894 516 964 tamen
532 905 686 964 nostrum
702 899 969 985 Xenophontem
985 896 1257 982 intellegendum

31 1072 45 1091 „
85 1030 158 1073 esse
182 1030 292 1092 neque
317 1007 437 1072 (licere
460 1005 618 1091 tradidit,
653 989 764 1091 neque
791 1029 852 1092 per
874 1012 1065 1091 temporum
1089 1005 1256 1069 rationem

83 1115 270 1179 verisimile
321 1121 381 1178 est.
460 1114 634 1179 Summam
673 1113 779 1198 igitur
816 1112 1068 1199 probabilitatis
1107 1112 1256 1199 speciem

45 1230 47 1235 ‘
83 1221 224 1287 Ruehlii
241 1222 433 1287 coniectura
448 1220 561 1306 habet,
587 1221 647 1306 qui
661 1220 930 1312 Xenophontem
953 1219 1050 1283 illum
1067 1220 1255 1306 Meliteum,

48 1362 54 1420 ἰ
82 1328 261 1414 Euripidis
296 1329 420 1413 filium,
458 1329 517 1413 qui
551 1350 639 1392 unus
674 1312 741 1391 fuit
776 1350 817 1391 ex
848 1326 964 1392 decem
994 1326 1255 1412 imperatoribus

49 1434 53 1495 ’.
83 1459 110 1500 a.
140 1435 217 1499 440.
255 1436 354 1500 classi
394 1442 522 1501 contra
549 1436 688 1501 Samum
726 1435 873 1498 insulam
912 1434 1036 1498 missae
1073 1432 1257 1518 praefectis

52 1536 55 1597 Ῐ
83 1542 200 1622 (schol.
237 1540 382 1624 Aristid.v
417 1543 538 1608 Periol.
568 1567 601 1629 p.
628 1542 692 1606 185
715 1540 876 1624 Dindorf,
912 1539 972 1606 cfr.
1010 1541 1051 1606 G.
1086 1541 1254 1626 Droysen,

83 1650 199 1714 Herm.
228 1649 283 1713 IX
306 1649 341 1731 43
378 1649 618 1715 Wilamowitz.
655 1649 748 1714 Moll.
784 1648 894 1712 Index
928 1650 1020 1714 lectt.
1058 1648 1255 1734 Gryphisw.

86 1753 250 1838 18771781-
272 1756 542 1841 intellegendum
567 1779 640 1821 esse
667 1751 892 1838 arbitratur2).
928 1756 1024 1821 Idem
1048 1779 1129 1821 vero
1147 1779 1174 1820 a.
1188 1756 1256 1819 429

84 1863 121 1926 in
146 1863 290 1928 Thracia
314 1863 404 1949 apud
428 1864 621 1950 Spartolum
645 1864 817 1929 interiisse
840 1864 987 1929 videtur,
1029 1862 1197 1948 (Thucyd.
1219 1864 1256 1926 H

85 1972 136 2035 70.
163 1971 214 2036 79.
250 1971 504 2036 Muller-Strub.
529 1970 776 2055 Aristophanes
792 1995 824 2036 u.
842 1971 874 2037 d.
892 1972 971 2037 hist.
996 1971 1087 2035 Krit.
1112 1994 1144 2056 p.
1162 1966 1254 2052 621).

83 2073 183 2141 Adde
218 2078 308 2162 quod
341 2078 466 2142 liberos
502 2077 568 2142 sibi
596 2101 624 2142 a.
649 2079 714 2142 399
742 2079 894 2143 nondum
928 2078 1033 2142 fuisse
1056 2077 1255 2163 Xenophon

84 2184 158 2270 ipse
181 2190 336 2269 testatur,
362 2208 438 2249 cum
462 2184 553 2249 dicat
576 2183 700 2269 (Anab.
717 2187 786 2251 VH
810 2188 840 2270 6,
866 2185 934 2264 ab:
960 2177 1089 2271 Σεύθην
1112 2174 1256 2270 ἤλπιζον

45 2286 46 2290 ¹
84 2275 119 2351 sd
135 2282 282 2375 ποιήσας
305 2281 381 2370 μεθ’
400 2281 490 2370 ὑμῶν
506 2281 725 2377 ἀποστροφὴν
747 2287 804 2353 καὶ
828 2288 902 2372 ἐμοὶ
926 2285 1028 2376 καλὴν
1043 2287 1100 2352 καὶ
1123 2285 1253 2368 παισίν,

85 2391 114 2459 εἰ
139 2392 291 2478 γένοιντο,
316 2392 583 2484 καταθήσεσθαι.
631 2400 847 2466 Simultatem
869 2423 951 2470 vero
975 2401 1007 2463 ei
1030 2400 1098 2463 illis
1122 2407 1253 2484 tempo·

83 2506 177 2571 ribus
206 2529 282 2570 eum
315 2507 458 2571 Platone
489 2508 723 2573 intercessisse
758 2506 817 2591 (id,
855 2507 944 2593 quod
979 2512 1118 2571 narrant
1152 2508 1254 2592 Diog.

83 2613 122 2677 L.
147 2614 184 2677 H
206 2614 259 2696 57,
296 2614 422 2679 Athen,
446 2615 510 2679 IX.
547 2616 611 2679 507
645 2616 685 2680 Β.
727 2616 858 2682 Gellius
893 2616 980 2680 XIV
1014 2611 1160 2695 3)1iure
1196 2637 1256 2678 suo

83 2720 278 2786 Boeekhius
301 2721 482 2807 negavisse
505 2722 642 2787 videtur
660 2722 749 2787 libro
774 2723 832 2808 qui
856 2721 1068 2786 inscribitur:
1110 2722 1182 2804 „De
1211 2726 1255 2785 si-

86 2829 237 2912 multate,
263 2851 348 2913 quae
364 2829 472 2894 fertur
487 2830 626 2895 Platoni
649 2853 726 2894 cum
741 2830 972 2916 Xenophonte
989 2825 1257 2912 intercessisse“,

86 2942 175 3001 certe
199 2936 263 3001 hoc
287 2956 328 3000 ex
352 2960 391 3001 ea
413 2960 459 3022 re,
485 2937 575 3023 quod
598 2961 617 3002 a
640 2938 783 3002 Platone
804 2938 1001 3023 Xenophon
1024 2937 1163 3001 omnino
1186 2960 1256 3001 non

193 3180 219 3253 1)
256 3182 321 3236 Etsi
333 3182 396 3238 fieri
415 3183 517 3254 potuit,
537 3188 569 3236 ut
582 3183 753 3256 Xenophon,
772 3185 831 3239 iam
846 3190 1001 3254 antequam
1014 3184 1051 3237 ad
1064 3184 1172 3254 Cyrum
1192 3202 1257 3254 pro-

85 3271 269 3341 ficisceretur,
292 3290 413 3327 uxorem
436 3273 560 3342 duceret,
585 3279 661 3326 certe
684 3273 795 3328 Sotirae
819 3274 845 3327 ei
868 3290 973 3327 nomen
996 3272 1086 3327 fuisse
1105 3274 1257 3343 Kruegero

87 3360 178 3430 (Stud.
197 3363 229 3416 Π
247 3360 319 3430 275.)
339 3381 397 3416 non
417 3363 629 3416 concedendum
648 3369 700 3416 est.
738 3364 811 3418 Cum
830 3364 907 3417 enim
935 3362 1030 3416 Sotira
1057 3381 1116 3416 non
1144 3363 1200 3415 nisi
1228 3363 1259 3415 in

86 3450 210 3522 epistula
222 3451 546 3522 pseudo-xenophontea
559 3458 799 3506 commemoretur
809 3452 898 3524 (Stob.
912 3453 989 3506 Flor.
1001 3454 1060 3505 121.
1074 3453 1116 3521 373
1129 3453 1203 3506 Xen.
1215 3453 1257 3505 ed.

86 3540 198 3611 Sauppe
217 3541 244 3593 V
262 3559 289 3610 p.
309 3538 373 3609 291)
393 3546 479 3612 atque
497 3541 545 3595 hic
563 3541 727 3612 Xenophon
747 3561 810 3597 eam
829 3543 863 3596 de
883 3541 977 3611 Grylli
996 3546 1088 3594 morte
1107 3542 1258 3594 consolans

86 3627 223 3699 fingatur,
250 3628 439 3699 epistularum
462 3631 577 3684 fabrum
600 3631 688 3700 illam,
712 3650 771 3685 non
795 3650 881 3702 quam
900 3631 1046 3700 Diogenes
1068 3630 1165 3698 tradit,
1189 3631 1258 3683 Phi-

86 3718 187 3771 lesiam
213 3717 308 3788 Grylli
336 3725 459 3773 matrem
486 3719 621 3774 habuisse
645 3726 773 3791 apparet.
811 3720 923 3775 Sotirae
950 3738 1019 3774 vero
1049 3738 1155 3774 nomen
1183 3721 1259 3774 unde

87 3805 135 3861 ille
155 3806 291 3876 hauserit,
310 3807 415 3862 nescio.

194 3895 222 3965 2)
258 3897 369 3951 Pericle
392 3903 507 3952 mortuo
531 3899 675 3969 Lysiclem
698 3899 838 3970 Aspasiae
863 3899 1069 3953 consuetudine
1094 3917 1178 3952 usum
1199 3917 1260 3952 esse

86 3984 245 4040 Aeschines
258 3988 342 4040 testis
355 3993 398 4040 est
417 3989 505 4053 (Plut.
519 3989 621 4042 Pericl.
635 3989 677 4044 24.
693 3989 742 4042 cfr:
756 3989 806 4041 Ar.
820 3989 893 4058 Equ.
909 3989 973 4055 7643
993 3988 1259 4058 Miiller-Strdbing.

86 4073 175 4127 Arist.
195 4095 222 4146 p.
242 4076 314 4143 583).
352 4077 396 4130 De
414 4077 572 4148 posteriore
590 4077 731 4149 Aspasiae
754 4077 816 4131 vita
840 4084 926 4147 atque
950 4077 1030 4131 exitu
1054 4077 1127 4130 nihil
1146 4083 1261 4131 const-at

88 4161 199 4233 (Cobet,
218 4165 391 4236 Prosopogr.
410 4166 484 4219 Xen.
504 4185 530 4237 p.
551 4164 604 4237 77),
632 4168 683 4221 sed
711 4185 775 4220 eam
802 4184 893 4237 usque
917 4167 954 4220 ad
978 4166 1008 4221 id
1031 4172 1145 4238 tempus
1168 4167 1261 4221 vitam

15 4251 268 4527 Ῡοᾶακὶεεθ,
288 4273 344 4324 quo
373 4255 536 4327 Xenophon
555 4255 649 4326 Grylli
667 4256 687 4310 f.
707 4273 826 4310 uxorem
854 4257 956 4311 ducere
984 4257 1086 4328 potuit,
1115 4256 1261 4329 probabile

125 4357 146 4394 n
165 4358 227 4396 esse
246 4343 367 4397 videtur.
