2880 4852
637 220 914 303 ⁸-eo-

218 420 348 480 motum
372 414 511 480 Grotius
545 414 696 480 animum
725 416 901 482 induxisse
929 421 1036 503 putat,
1077 423 1116 481 ut
1142 415 1284 501 tyranni
1315 437 1396 480 con·

218 521 387 593 dicionem
432 521 656 587 miserrimam
702 520 908 588 describeret
970 520 1104 608 (Grote,
1151 523 1279 588 Platon
1327 527 1394 586 etc.

216 628 369 694 111576.
400 627 460 694 cfr.
484 629 529 692 H.
555 627 594 693 of
613 629 654 695 G.
678 629 729 694 XI
753 629 795 694 37
831 630 927 716 sqq.).
983 631 1057 695 Hac
1096 629 1204 714 igitur
1242 651 1281 693 re
1322 628 1420 707 Xe·¹

217 735 354 821 nophon
379 742 565 826 commotus
590 758 661 801 esse
685 736 834 822 videtur,
857 743 896 801 ut
916 736 1056 822 tyranni
1070 735 1180 802 vitam
1195 734 1396 800 infelicissi-

217 864 307 906 mam
323 842 490 928 pingeret,
513 843 571 927 qui
588 866 663 907 cum
680 843 828 930 speciem
845 865 995 908 summae
1010 841 1187 908 felicitatis
1203 841 1395 929 praeberet,

217 947 473 1014 infelicissimus
510 956 614 1034 esset,
650 950 729 1033 quia
764 950 916 1015 omnium
948 949 1025 1016 odio
1059 949 1228 1035 flagraret.
1292 949 1397 1015 Adde

217 1056 306 1142 quod
328 1056 404 1142 plus
428 1056 532 1120 semel
553 1055 709 1121 ludomm
732 1057 929 1144 Xenophon
951 1057 1164 1124 mentionem
1183 1055 1282 1141 facit,
1309 1078 1396 1142 quos

216 1169 383 1248 tyrannus
406 1162 517 1228 visere
540 1185 610 1228 non
632 1169 756 1249 posset,
782 1187 858 1229 cum
881 1164 1008 1250 privati
1031 1186 1148 1231 omnes
1172 1162 1216 1228 ad
1236 1185 1296 1228 eos
1313 1185 1395 1228 con-

216 1269 377 1335 venirent
400 1268 566 1354 (H.111),
592 1277 626 1335 et
650 1293 727 1335 eum
750 1293 794 1335 ne
817 1270 936 1336 decere
960 1270 1098 1356 quidem
1121 1269 1393 1356 11101101111011-Δ

217 1377 308 1443 vatis
333 1384 539 1459 concertare;
565 1376 654 1463 quod
677 1377 865 1462 Dionysius
889 1383 1029 1444 conatus
1053 1377 1191 1464 quidem
1215 1384 1305 1461 erat,
1333 1376 1394 1441 sed

217 1485 347 1550 nullam
378 1483 557 1549 victoriam
586 1483 759 1569 quadrigis
795 1485 864 1550 suis
891 1491 1124 1571 reportaverat
1152 1483 1268 1569 (Diod.
1291 1485 1392 1569 XIV,

218 1593 297 1676 1093
323 1592 369 1657 X.
387 1592 492 1656 Hiero
508 1591 545 1655 X
556 1590 611 1654 16:
630 1583 806 1669 νικώμενος
822 1580 997 1651 dandarum
1011 1581 1156 1669 μάλιστα
1171 1586 1387 1672 καταγελῷο).
1430 1622 1432 1635 =

215 1699 335 1785 Itaque
363 1720 434 1764 non
461 1699 510 1762 ita
536 1698 682 1762 multum
709 1704 786 1784 post
810 1721 838 1763 a.
864 1699 929 1763 384
951 1698 1139 1764 Hieronem
1162 1697 1391 1783 compositum
1429 1700 1432 1713 '

215 1829 289 1871 esse
325 1828 454 1871 censeo.
500 1804 615 1890 Atque
650 1805 892 1891 particularum
926 1824 1060 1891 010010
1094 1827 1174 1870 1010
1208 1805 1274 1869 hae
1311 1827 1388 1873 cum
1427 1728 1432 1865 1

216 1899 389 1979 sententia
412 1910 539 1999 optime
563 1911 732 1997 congruit.
767 1912 978 1998 Quamquam
1002 1913 1094 1978 enim
1117 1935 1226 2000 genus
1250 1911 1389 1979 dicendi

216 2019 557 2086 commentationibus
582 2019 795 2084 simillimum
822 2026 877 2085 est
909 2057 951 2064 —
979 2043 1060 2086 nam
1087 2021 1196 2107 primo
1224 2021 1328 2087 modo
1357 2028 1388 2087 et

215 2126 496 2214 septimocapite
520 2125 675 2213 dialogus
698 2127 811 2212 paullo
835 2127 995 2212 agitatior
1019 2129 1084 2213 est,
1113 2135 1265 2194 ceterum
1287 2130 1388 2195 modo

214 2235 321 2300 Hiero
344 2233 444 2300 modo
468 2232 661 2300 Simonides
684 2255 746 2320 per
768 2235 866 2319 plura
889 2235 1000 2320 capita
1023 2231 1388 2320 001110011111111)-

213 2333 462 2426 10111011μήνο0
478 2340 658 2428 praecipue
674 2334 710 2421 γὲ
724 2332 789 2425 μήν
799 2364 936 2427 perraro
957 2341 1085 2427 legitur
1100 2339 1175 2425 (cfr.
1196 2366 1228 2429 p.
1248 2345 1291 2408 39
1310 2340 1386 2430 sq.).

345 2553 348 2558 .
437 2497 527 2587 521.
575 2500 617 2568 De
642 2499 963 2569 Lacedaemoniorum
988 2501 1167 2588 Republica.

320 2626 669 2693 Lacedaemoniorum
693 2625 816 2690 deinde
832 2626 1091 2712 Rempublicam
1115 2650 1191 2692 cum
1207 2628 1391 2694 Plutarchi

215 2735 368 2821 (Lycurg
384 2757 411 2800 c.
428 2730 459 2815 Ι)
482 2733 701 2825 Longinique
717 2733 779 2813 (IV
794 2731 830 2816 4)
852 2733 978 2798 iudicio
1005 2756 1162 2820 pugnans
1190 2736 1391 2801 Demetrius

214 2844 357 2928 Magnes
385 2864 406 2928 a
432 2840 664 2926 Xenophonte
692 2841 838 2906 alienam
866 2863 939 2905 0000
967 2841 1078 2905 voluit
1105 2842 1158 2922 (D.
1183 2841 1223 2907 L.
1254 2842 1291 2905 H
1316 2839 1389 2926 57);

214 2948 274 3014 sed
296 2956 336 3014 ut
358 2949 442 3013 haec
465 2947 531 3013 sibi
555 2945 789 3034 persuaderet,
827 2969 866 3012 ea
887 2970 956 3013 una
979 2970 1079 3012 causa
1102 2956 1289 3013 commotus
1316 2973 1391 3015 0000

213 3056 366 3140 videtur,
390 3054 481 3141 quod
504 3055 565 3119 illa
586 3076 675 3119 unus
699 3077 775 3118 cum
798 3055 988 3141 Republica
1010 3053 1276 3120 Atheniensium
1300 3057 1392 3122 liber

212 3164 384 3249 legeretur
408 3161 480 3243 (cfr.
506 3163 525 3240 ξ
548 3161 597 3245 8),
623 3184 708 3245 0100
731 3162 806 3226 sine
830 3160 931 3226 dubio
955 3185 975 3226 a
998 3161 1229 3248 Xenophonte
1253 3163 1392 3229 abiudi-

215 3270 323 3336 oanda
358 3275 418 3335 est.
467 3269 596 3333 Tamen
630 3275 748 3335 nostra
781 3274 892 3334 aetate
920 3268 980 3353 011
1010 3268 1128 3332 eadem
1153 3268 1218 3333 sibi
1246 3292 1390 3355 persua·

214 3377 335 3442 derant
372 3398 442 3442 non
477 3375 675 3461 defuerunt,
716 3375 812 3440 velut
846 3374 1039 3440 Boeclrhius
1075 3375 1234 3454 (Staatsh.
1259 3371 1392 3462 1148)

213 3484 561 3568 Wachsmuthiusque
582 3482 684 3562 (Hell.
706 3482 955 3548 Alterthumsk.
980 3476 1023 3546 12
1048 3479 1136 3565 798),
1162 3505 1307 3567 quorum
1331 3485 1393 3551 hic

213 3615 233 3657 a
256 3592 378 3677 Critia,
407 3591 462 3656 cui
484 3589 750 3654 Atheniensium
773 3589 1032 3676 Rempublicam
1055 3589 1192 3675 tribuit,
1226 3596 1390 3658 nostrum

173 3726 176 3730 ⁴
214 3721 344 3785 quoque
367 3698 492 3763 librum
521 3697 745 3783 compositum
780 3720 853 3762 0000
886 3701 1015 3781 censet,
1050 3696 1108 3760 ille
1143 3696 1185 3761 de
1221 3698 1392 3785 scriptore

82 4444 171 4570 h

213 3805 356 3872 dubitat.
403 3805 475 3869 Alii
501 3827 582 3869 vero
611 3811 645 3868 et
673 3804 698 3868 ii
722 3804 862 3890 plurimi
893 3827 968 3870 eam
1002 3805 1211 3889 singularem
1245 3806 1392 3890 quidem

212 3912 337 3978 librum
363 3911 504 3996 habent,
540 3918 655 3976 tamen
677 3934 760 3975 num
783 3911 1023 3998 Xenophontis
1047 3935 1131 3999 opus
1156 3912 1202 3977 sit
1225 3911 1392 3980 dubitant

211 4021 268 4086 vel
291 4043 360 4085 non
384 4041 457 4084 esse
480 4018 662 4102 affirmant,
689 4041 730 4082 ex
754 4019 877 4103 quibus
898 4021 1098 4086 Mansonem
1111 4019 1278 4105 (SpartaI
1295 4020 1390 4109 275),

320 4215 347 4283 1)
383 4214 461 4284 Lege
474 4210 598 4282 exempli
610 4211 705 4282 gratia
724 4229 747 4267 0.
761 4212 800 4281 Π,
819 4231 875 4284 010
888 4213 955 4268 inde
967 4232 985 4268 a
998 4212 1084 4269 tertia
1097 4213 1281 4286 paragrapho
1295 4232 1389 4286 usque

212 4306 249 4360 ed
267 4305 309 4359 VI
330 4305 363 4360 16
382 4304 461 4358 00110
479 4301 569 4356 Hiero
588 4299 725 4371 loquitur,
749 4318 841 4390 110010
860 4303 956 4358 minus
975 4303 1126 4373 decimum,
1147 4321 1203 4373 010
1222 4301 1388 4360 Simonides

211 4396 248 4450 ab
267 4397 358 4449 altera
376 4394 559 4465 paragrapho
580 4389 724 4460 usquead
744 4391 832 4445 finem
852 4393 917 4446 libri
937 4393 1073 4465 disputat.
