2880 4852
692 228 934 298 —110-

226 408 452 494 lentissimus,
472 407 531 474 „ad
553 410 697 474 Paulum
733 410 774 475 de
798 410 968 495 Lagarde,
1005 409 1157 476 omnium
1192 407 1251 494 qui
1284 418 1403 477 nostra

227 524 337 582 aetate
353 517 479 582 litteris
494 516 708 582 Armeniacis
725 540 861 604 operam
876 524 1005 583 navant
1027 518 1101 583 sine
1123 517 1225 582 dubio
1242 517 1400 583 doctissi-

227 648 332 708 mum,
368 624 500 689 litteras
524 624 633 707 misit3
670 625 729 709 qui
764 648 849 710 quae
885 648 1015 690 summa
1051 648 1128 690 oum
1161 624 1333 689 facilitate<
1351 649 1403 690 re-

228 717 380 817 scripsit,
415 755 454 796 ea
476 737 573 816 grato
598 732 710 796 animo
746 754 823 797 cum
845 733 1039 816 legentibus
1064 731 1288 798 communico:
1317 733 1403 817 „Die

228 839 264 903 in
280 838 377 903 Rode
394 838 583 903 stehenden
596 839 717 904 Worte
732 839 844 903 haben
859 840 989 904 meinos
1001 839 1192 905 Erachtons
1208 838 1404 925 griechisch

227 946 393 1031 gelantet:
430 941 585 1029 Ξενοφῶν
609 937 755 1028 Γρύλλου
790 941 847 1007 καὶ
871 939 1044 1030 Λιοὸιόρας
1079 939 1277 1029 ἐγνωρίζετο.
1330 947 1403 1011 Das

226 1053 389 1122 Zeitwort
412 1053 458 1117 ist
474 1052 582 1138 vollig
605 1052 726 1138 sicher,
751 1053 886 1139 ebens0,
911 1052 987 1119 dass
1009 1053 1107 1119 nicht
1129 1045 1200 1126 υἱός
1223 1052 1403 1139 bcigofi‘igt

227 1159 341 1244 stand,
377 1159 468 1224 denn
508 1155 641 1244 „oustp“
677 1160 786 1226 findet
821 1160 894 1225 sich
927 1159 1149 1246 (wenigstcns
1184 1161 1316 1225 meiner
1338 1161 1403 1225 Er-

227 1266 398 1350 innerung
414 1263 516 1348 nach)
534 1267 571 1330 in
586 1267 823 1332 Redensarten
840 1268 906 1332 wie
925 1267 1065 1351 Δαρεῖος
1089 1257 1106 1329 ὁ
1128 1267 1186 1328 τοῦ
1207 1259 1401 1329 Υσῑάσπεω.

190 1454 194 1461 .
226 1375 293 1439 Die
316 1374 461 1438 Flexion
485 1374 544 1438 der
567 1374 692 1439 beiden
716 1375 885 1440 Genetiva
914 1376 959 1440 ist
983 1374 1118 1440 freilich
1140 1375 1237 1439 nicht
1261 1375 1317 1439 die
1340 1397 1397 1459 ge-

226 1481 432 1564 wbhnliche,
457 1481 537 1546 aber
560 1482 680 1547 soweit
703 1482 816 1548 kenne
840 1482 898 1547 ich
920 1482 1014 1547 diese
1037 1482 1231 1566 Armenicr,
1255 1504 1315 1546 um
1338 1482 1402 1546 mit

227 1595 346 1674 gutem
371 1589 550 1655 Gewissen
571 1588 725 1653 Auchers
750 1590 886 1675 „Grylli
910 1597 944 1654 et
966 1585 1155 1684 Diodorae“
1179 1589 1402 1676 beipflichten

124 1735 126 1740 ·
226 1718 269 1760 zu
293 1690 461 1760 1101111611.ιι
509 1696 629 1781 Itaque
653 1696 900 1761 Petermannus
925 1698 1065 1781 erravit,
1100 1696 1279 1762 Aucherus
1307 1703 1400 1761 recte

227 1825 266 1867 ea
294 1824 379 1887 quae
403 1802 586 1867 Armenius
622 1803 788 1888 exhibet,
808 1805 915 1868 latine
949 1804 1056 1869 vertit
1091 1811 1125 1868 et
1158 1803 1400 1890 Xenophontis

226 1915 335 1974 mater
368 1910 437 1974 iam
471 1933 541 1975 non
575 1910 695 1994 ignota
729 1906 823 1993 estl).
882 1911 983 1994 Filiis
1019 1934 1100 1976 vero
1135 1911 1233 1976 alteri
1268 1911 1310 1975 ab
1338 1933 1401 1976 avo

227 2017 368 2102 Gryllo,
408 2018 507 2082 alteri
542 2017 583 2101 ab
619 2018 696 2082 avia
729 2017 878 2083 Diodoro
905 2041 1031 2084 nomen
1066 2018 1162 2083 dedit
1189 2017 1400 2104 Xenophon,

228 2130 329 2210 atque
357 2124 442 2188 illud
466 2124 604 2208 quidem
627 2147 726 2210 saepe
750 2125 791 2189 ab
816 2126 966 2210 antiquis
991 2125 1130 2190 Graecis
1166 2124 1295 2190 factum
1326 2148 1401 2189 esse

227 2253 327 2296 nemo
353 2237 421 2316 est,
451 2232 534 2316 quin
568 2230 655 2296 sciat
689 2238 723 2296 ct
746 2239 863 2297 nostra
886 2255 1018 2318 quoque
1051 2239 1162 2298 aetate
1197 2232 1341 2296 eandem
1364 2232 1402 2296 in

228 2338 372 2404 Graecia
431 2338 711 2404 consuetudinem
764 2340 892 2405 servari
937 2340 1073 2406 Curtius
1121 2339 1402 2406 Wachsmuthius

228 2444 334 2511 refert
370 2447 451 2526 (Das
491 2447 557 2511 alte
597 2446 849 2512 Griechenland
887 2448 934 2511 im
972 2470 1084 2512 neuen
1121 2470 1154 2533 p.
1194 2447 1270 2527 w).
1317 2447 1402 2513 Filii

226 2552 268 2617 ab
304 2553 381 2618 avia
419 2554 580 2640 appellati
614 2537 747 2619 nullum
782 2556 974 2642 exemplum
1008 2554 1128 2619 afferre
1162 2576 1312 2640 possum,
1341 2553 1402 2618 sed

208 2672 300 2725 'raro
328 2659 392 2725 hoc
420 2660 548 2726 factum
583 2685 655 2727 csse
689 2663 872 2749 probabile,
909 2685 986 2728 cum
1019 2685 1089 2728 non
1118 2661 1232 2727 omnia
1258 2661 1400 2726 nomina

228 2774 263 2832 et
285 2768 507 2833 masculinam
531 2775 566 2834 et
580 2769 782 2835 femininam
798 2769 940 2835 formam
956 2769 1117 2854 habeant3
1145 2769 1236 2834 filiae
1260 2768 1301 2835 ab
1325 2769 1404 2834 avia

232 2874 469 2941 denominatae
502 2878 693 2964 exemplum
727 2877 854 2962 legitur
888 2877 978 2964 apud
1001 2877 1136 2942 isaeum
1158 2877 1213 2941 111
1236 2877 1279 2941 30
1301 2899 1335 2963 p.
1359 2877 1402 2941 41

230 2980 304 3066 (cfr.
330 2984 516 3069 Hermann,
542 2985 599 3048 Gr.
625 2984 880 3050 Privatalterth.
915 2984 966 3050 ed.
990 2986 1174 3049 Bluemner
1196 3007 1229 3071 p.
1254 2983 1331 3068 284,
1359 2985 1401 3067 l).

197 3167 200 3173 ἡ
228 3127 270 3135 -
295 3090 444 3156 Diodoro
480 3089 604 3155 deinde
639 3089 730 3156 filius
766 3089 849 3175 fuit,
886 3091 941 3155 cui
975 3091 1091 3156 fratris
1126 3091 1249 3176 avique
1277 3113 1402 3155 nomen

229 3198 349 3282 Gryllo
385 3197 480 3263 dedit
515 3198 627 3282 (Diog.
651 3197 768 3280 1154,
794 3197 853 3262 cfr.
877 3197 967 3262 Plut.
993 3199 1143 3263 Demetr.
1169 3201 1203 3263 2:
1225 3187 1401 3279 Ἀνιιγόνῳ

300 3408 327 3478 1)
346 3408 516 3463 Armenium
526 3408 556 3462 in
568 3413 704 3480 quartum
714 3427 738 3464 a.
751 3407 794 3463 Ol.
807 3409 858 3463 105
871 3408 1062 3479 transtulisse,
1073 3427 1146 3480 quae
1156 3409 1193 3463 ad
1202 3408 1330 3480 primum
1341 3408 1403 3463 eius

228 3496 343 3569 Olymp.
362 3517 471 3553 annum
489 3500 536 3553 vel
555 3498 591 3552 ad
604 3504 766 3553 extremum
779 3497 823 3554 01.
839 3499 891 3552 104
908 3498 1095 3554 adscribenda
1114 3504 1204 3567 erant,
1224 3516 1283 3552 non
1295 3497 1402 3553 mirum

228 3592 279 3656 est,
300 3606 366 3642 cum
383 3588 510 3658 spatium
528 3605 594 3642 eum
613 3587 753 3643 defecisse
766 3587 908 3643 videatur.
939 3590 974 3645 In
988 3587 1110 3642 eundem
1129 3606 1238 3642 annum
1251 3587 1402 3658 Syncellus

227 3677 289 3744 490,
307 3678 333 3730 4.
354 3675 423 3747 Cyri
435 3677 594 3731 Anabasim
612 3678 771 3734 transtulit.
792 3709 824 3716 -
848 3678 947 3749 Neque
967 3677 1042 3748 quod
1060 3676 1164 3731 matris
1182 3693 1288 3731 nomen
1306 3682 1402 3748 poste

144 3776 145 3780 ’
228 3765 315 3819 ritate
342 3765 482 3820 traditum
509 3766 547 3820 sit
578 3766 743 3822 mirandum
771 3773 828 3837 est,
867 3785 933 3821 cum
960 3766 1141 3838 Thucydidis
1169 3784 1282 3837 quoque
1309 3771 1403 3821 mater

228 3853 406 3925 Hegesipyle
430 3861 671 3911 commemoretur
696 3856 784 3926 (Plut.
805 3855 907 3911 Cimon
926 3875 949 3910 c.
967 3857 1006 3925 4),
1034 3855 1177 3910 Herodoti
1202 3873 1272 3910 vero
1300 3855 1403 3910 matris

227 3943 274 3997 vel
302 3943 358 3997 duo
387 3943 505 3998 nomina
533 3943 705 4015 afferantur,
734 3964 799 3999 cum
826 3945 929 4000 Suidas
952 3963 973 3999 s.
1000 3964 1026 4001 v.
1047 3937 1195 4016 Ἡρόδοτος
1213 3945 1308 4016 Dryo,
1333 3963 1354 3998 s.
1374 3964 1401 4000 v.

229 4025 374 4090 Πανύασις
396 4033 492 4088 Rhoio
517 4051 581 4088 cam
605 4035 737 4105 appellet.
775 4034 905 4102 Quorum
923 4034 1073 4089 nominum
1093 4036 1173 4105 Dryo
1193 4032 1310 4105 quidem
1330 4033 1402 4088 alias

227 4139 286 4175 non
309 4121 368 4192 legi
390 4122 516 4193 videtur,
535 4124 631 4178 Rhoio
655 4123 768 4195 saepius
786 4124 894 4194 legitur
917 4124 1012 4192 (Diod.
1032 4125 1059 4179 V
1078 4125 1120 4177 62.
1139 4123 1260 4193 Dionys.
1279 4123 1348 4177 Hal.
1367 4123 1403 4177 de

227 4211 294 4264 Din.
315 4212 356 4265 ll.
376 4212 470 4266 Tzetz.
491 4212 528 4266 ad
545 4213 614 4283 Lyc.
635 4213 717 4267 Alex.
737 4214 797 4267 580.
817 4212 915 4284 Steph.
936 4214 1005 4284 Byz.
1029 4231 1050 4266 s.
1070 4232 1097 4268 v.
1118 4205 1271 4280 Μὺκονος.)
1299 4214 1404 4283 Itaque

227 4317 286 4353 non
306 4304 362 4370 est,
382 4319 433 4354 cur
455 4301 532 4373 apud
551 4301 628 4357 Suid.
649 4320 677 4356 s.
690 4321 717 4357 v.
738 4295 883 4360 Πανύασις
901 4295 977 4354 ‘Porri
997 4307 1164 4374 corruptum
1183 4320 1250 4356 cum
1262 4301 1403 4358 Schtfero

228 4387 457 4462 (Quellenkunde
476 4391 491 4443 I
509 4409 536 4463 p.
556 4389 838 4462 20.),existimemus
