2880 4852
548 263 788 327 -105-

80 442 201 528 Magni
229 448 374 508 aetatem
410 448 475 526 est,
511 464 588 507 cum
610 442 701 527 regis
723 418 903 507 Persarum
938 442 1042 507 etiam
1075 439 1253 527 regnantis
1318 438 1323 453 ’

81 550 211 616 mentio
241 550 302 615 fiat
324 548 407 632 (VH
423 550 465 630 7).
511 550 626 635 Atque
649 549 823 637 probabile
842 550 988 635 videtur,
1023 554 1061 614 ut
1087 550 1253 614 Isocrates

80 659 275 744 Euagoram
311 681 408 723 suum
431 659 580 723 Nicoclis
603 657 668 724 filii
699 658 811 742 gratia
833 658 978 749 scripsit,
1017 658 1065 721 ita
1099 662 1253 721 nostrum

80 765 206 830 librum
228 765 272 830 ad
294 764 449 850 Agesilai
476 765 585 831 filium
608 763 853 829 Archidamum
875 749 1017 829 missum
1042 787 1128 848 esse3
1153 786 1253 848 quem

81 895 160 937 oum
175 872 345 941 Diodorus
361 873 450 937 XVI
464 874 518 957 88,
543 874 563 936 3
586 894 721 958 pugnae
739 872 986 937 Chaeronensis
1011 871 1066 936 die
1082 876 1253 936 mortuum

80 1002 156 1046 esse
180 980 305 1064 tradat,
330 979 511 1066 Agesilaus
546 980 637 1045 inter
664 1003 693 1045 a.
719 980 783 1044 357
808 985 843 1045 et
865 1003 893 1046 a.
919 979 986 1044 338
1009 979 1155 1066 scriptus
1180 1001 1253 1054 esse

79 1081 253 1156 videtui*
700 1159 705 1165 q

189 1194 384 1280 Antequam
408 1193 449 1258 de
469 1195 630 1281 Agesilao
654 1193 854 1281 disputandi
876 1194 980 1259 finem
1003 1194 1114 1259 facere
1136 1215 1253 1280 001111-
1352 1181 1353 1184 “

79 1325 167 1387 111111,
191 1324 298 1388 pauca
320 1303 362 1366 de
385 1303 428 1366 iis
445 1301 589 1366 dicenda
605 1308 694 1386 sunt,
720 1324 805 1387 quae
822 1302 863 1366 de
879 1301 1106 1388 Xenophonte
1122 1305 1253 1367 minore

80 1408 239 1495 Agesilai
262 1409 425 1496 scriptore
447 1409 682 1474 Beckhausius
707 1409 773 1474 sibi
796 1410 897 1474 finxit
920 1406 986 1490 (De
1001 1409 1253 1495 Xenophonteo

81 1517 143 1603 qui
158 1516 266 1583 fertur
277 1516 442 1603 Agesilao
458 1540 490 1603 p.
508 1518 551 1581 56
566 1516 661 1601 sqq).
688 1517 899 1602 Quamquam
915 1517 1007 1581 enim
1022 1539 1092 1581 non
1107 1518 1253 1580 multum

81 1625 236 1709 interest,
262 1648 281 1689 a
304 1624 541 1710 Xenophontis
566 1630 690 1710 nepote
714 1647 758 1688 an
781 1625 822 1689 ab
848 1625 913 1688 alio
941 1624 1086 1708 quodam
1117 1623 1253 1688 libellus

81 1732 288 1819 compositus
322 1732 380 1814 sit,
421 1730 602 1797 dummodo
637 1755 656 1796 a
690 1731 920 1817 Xenophonte
955 1730 1111 1817 Agesilai
1145 1732 1253 1796 amico

81 1839 213 1904 alienus
238 1840 293 1923 sit,
324 1845 440 1904 tamen
475 1862 551 1903 cum
580 1839 638 1904 ille
662 1840 745 1903 alios
770 1861 902 1923 quoque
925 1838 1029 1904 libros
1052 1838 1170 1925 nepoti
1193 1838 1253 1902 tri-

81 1947 174 2031 buat,
211 1946 361 2013 breviter
389 1945 471 2031 quid
495 1946 536 2010 de
561 1969 600 2011 ea
622 1969 658 2010 re
682 1969 878 2011 censeamus
901 1945 1166 2031 percurrendum
1190 1951 1252 2010 est.

82 2054 197 2139 Atque
221 2053 327 2119 fuisse
350 2053 613 2139 Xenophontem
648 2054 823 2137 minorem,
857 2053 1055 2118 Anabaseos
1080 2052 1254 2138 scriptoris

82 2162 320 2248 propinquum,
336 2160 501 2225 Dinarchi
517 2161 670 2226 oratione
686 2162 768 2226 satis
783 2160 954 2247 probatur.
989 2161 1096 2237 Quem
1113 2159 1251 2225 Grotius

80 2275 240 2355 nepotem
278 2268 519 2354 Xenophontis
559 2269 746 2353 Gyreorum
789 2268 884 2333 ducis
927 2267 1032 2332 fuisse
1072 2267 1251 2352 Gryllique

80 2375 222 2441 fortasse
260 2375 370 2440 filium
405 2375 550 2440 coniecit
558 2370 591 2454 1).
653 2375 887 2440 Bechhausius
926 2396 1007 2439 vero
1047 2374 1193 2439 eundem
1231 2397 1251 2438 a

79 2483 204 2549 Photio
228 2489 526 2548 commemoratum
561 2505 635 2546 esse
670 2483 819 2568 putavit,
857 2482 916 2567 qui
948 2481 1054 2546 tradit
1089 2481 1159 2546 cod.
1185 2482 1251 2546 260

79 2588 125 2677 (p.
139 2591 216 2676 486,
234 2591 276 2654 36
293 2586 362 2673 Β.);
377 2580 534 2670 Γεγόνασι
552 2585 580 2649 δ’
595 2578 796 2672 Ἰσονροὶτοος
813 2577 973 2673 ἀκροαταὶ
989 2583 1046 2649 καὶ
1063 2584 1217 2673 Ξενοφῶν
1233 2577 1250 2648 (1

79 2689 227 2781 Γρύλλου
251 2691 307 2758 καὶ
335 2688 541 2776 Θεόπομπος
570 2687 587 2756 i>
612 2697 698 2770 Χῖος
731 2690 788 2757 καὶ
804 2684 947 2780 ’Ἔφορος
976 2685 993 2757 ὃ
1017 2695 1176 2774 Κυμαῖος.
1198 2678 1252 2769 Ιοἷς

78 2799 136 2865 καὶ
160 2804 234 2878 ταῖς
257 2797 439 2887 ἱστορικαῖς
463 2803 666 2888 συγγραφαῖς
693 2793 928 2887 operireturque
952 2795 1141 2888 χρήσασθαι
1165 2794 1251 2884 πρὸς
1313 2863 1315 2867 ,

78 2904 138 2996 τὴν
162 2903 300 2973 ἑκάστου
317 2903 416 2997 φύσιν
439 2901 606 2992 ἀναλόγως
628 2905 685 2972 καὶ
716 2903 776 2985 τοὶς
809 2889 1003 2997 ὑποθέσεις,
1018 2910 1076 2996 τῆς
1104 2901 1251 2992 ἳσιορίας

79 3008 193 3092 αι’,ἰοῖς
217 3010 474 3098 διανειμάμενος.
522 3019 590 3084 Sed
617 3019 680 3084 hoc
709 3041 751 3083 ex
776 3020 850 3084 loco
877 3018 966 3083 nihil
989 3018 1105 3104 colligi
1127 3024 1250 3104 potest,
1290 3041 1293 3046 ·

79 3121 158 3191 cum
181 3149 201 3191 a
223 3127 346 3192 Photio
370 3127 455 3192 miro
491 3126 622 3192 scilicet
657 3120 799 3206 errore2)
827 3125 1023 3191 Anabaseos
1052 3125 1251 3213 scriptorem

78 3234 238 3299 Isocratis
261 3233 466 3320 discipulum
490 3232 619 3298 dictum
644 3256 717 3298 esse
740 3239 909 3321 appareat.
962 3234 1048 3297 Cum
1077 3232 1169 3297 enim
1192 3233 1250 3298 ille

80 3347 151 3406 tam
174 3364 297 3428 paucos
326 3364 368 3406 ex
395 3341 550 3427 plurimis
578 3341 737 3406 Isocratis
761 3340 939 3427 discipulis
963 3347 1250 3426 commemoraret,

80 3471 136 3514 eos
171 3448 262 3514 haud
297 3447 399 3513 dubie
434 3448 565 3532 attulit,
600 3448 660 3534 qui
693 3455 812 3534 postea
839 3448 1089 3530 inclaruerunt3
1127 3447 1251 3512 deinde

80 3556 281 3622 historicum
305 3579 382 3620 eum
405 3551 498 3640 (ficit,
522 3577 592 3620 non
614 3554 797 3639 rhetorem;
823 3555 899 3640 quis
915 3577 996 3620 vero
1013 3555 1117 3619 alium
1132 3556 1250 3621 Xeno-

79 3663 241 3750 phontem
266 3664 379 3749 Grylli
402 3663 520 3748 filium,
544 3685 656 3728 rerum
672 3668 845 3747 gestarum
861 3662 1060 3748 scriptorem
1084 3662 1252 3728 illustrem

80 3771 280 3858 intellegere
303 3777 417 3858 potest
440 3777 541 3855 atque
564 3769 759 3836 Anabaseos
794 3775 975 3854 auctorem,
1012 3792 1089 3834 cum
1124 3769 1249 3835 illene

79 3878 221 3943 verbum
245 3877 382 3965 quidem
405 3876 592 3962 addiderit,
628 3900 694 3963 quo
718 3877 822 3943 alium
846 3900 866 3942 a
889 3899 925 3941 10
948 3876 1018 3941 (1101
1041 3876 1250 3943 demonstra-

187 4074 214 4140 1)
240 4071 339 4142 Grote,
357 4072 394 4128 H.
415 4070 449 4126 of
465 4071 515 4126 Gr.
534 4071 579 4127 IX
597 4071 659 4140 246,
677 4073 709 4125 2:
737 4073 753 4128 I
773 4077 896 4126 venture
919 4076 951 4125 to
971 4071 1094 4126 sethim
1113 4070 1199 4124 down
1219 4089 1251 4125 as

79 4162 232 4232 grandson.
254 4193 286 4200 -
306 4161 352 4214 He
369 4160 465 4232 might
483 4161 550 4215 well
568 4160 603 4215 be
621 4161 671 4215 the
690 4179 743 4215 son
762 4160 796 4216 of
813 4161 938 4232 Gryllos.

187 4269 216 4335 2)
235 4268 281 4323 Ad
300 4287 334 4323 ea
352 4285 426 4339 quae
445 4268 500 4322 hac
518 4267 553 4322 de
572 4272 605 4322 re'
621 4287 648 4340 p.
664 4268 697 4322 15
716 4267 838 4323 disserui
856 4268 1019 4323 addendum
1037 4274 1090 4336 est,
1109 4269 1209 4324 Vitam
1222 4268 1251 4321 X

80 4363 228 4412 oratorum
246 4359 288 4414 IV
307 4360 323 4414 9
345 4357 549 4432 Xenophontis
570 4357 647 4417 inter
664 4357 801 4418 Isocratis
824 4357 979 4429 discipulos
996 4357 1173 4417 mentionem
1191 4375 1251 4415 nou

79 4446 181 4502 facere.
511 4474 513 4481 v
1243 4436 1364 4536 ⁶
