2880 4852
691 183 911 246 ,88-

212 384 284 427 rem
307 361 573 447 Xenophontem
602 360 772 425 imitatum
801 361 909 425 multa
937 381 1040 424 exeo
1076 359 1261 445 sumpsisse
1291 365 1393 425 etex

213 470 288 556 ipsa
312 468 526 555 Cyropaedia
555 446 757 555 repetivisse
790 468 923 552 dieunt,
957 466 1022 532 hoo
1056 473 1298 553 argumentum
1321 490 1392 532 non

212 576 352 662 gravius
365 576 532 658 existimo,
551 599 650 661 quam
663 575 762 658 illud}
787 598 866 639 nam
884 577 969 660 quae
986 575 1113 661 epilogi
1129 575 1268 660 quintae
1293 598 1391 661 para-

212 684 342 770 grapho
366 684 555 748 similitudo
581 706 656 748 oum
680 683 759 747 libri
783 683 825 747 de
848 682 1074 767 vectigalibus
1094 683 1266 768 prooemio
1283 682 1392 748 inter-

213 786 344 873 ceditl),
381 790 499 855 eadem
520 790 720 877 ⁴Hipparoh.
744 791 856 856 VHe
893 797 944 854 est
979 812 1055 854 eum
1083 789 1173 854 Hell.
1197 790 1248 856 VI
1271 791 1303 874 5,
1329 792 1391 876 52,

211 899 316 984 Hipp.
341 899 397 963 IX
420 899 440 962 3
467 922 542 963 oum
565 898 699 983 Vectig.
724 898 761 964 Π
784 898 819 983 5,
843 920 953 983 neque
976 897 1090 962 minus
1114 899 1253 962 Memor.
1279 897 1336 962 HI
1358 899 1391 984 4,

214 1007 231 1070 1
257 1028 326 1090 seq.
351 1029 427 1070 oum
453 1006 575 1091 Cyrop.
601 1007 673 1090 16,
701 1000 785 1089 122).
831 1004 994 1092 Repetite
1016 1026 1097 1070 vero
1121 1027 1164 1069 ex
1186 1004 1261 1091 ipsa
1283 1006 1392 1091 Cyro-

211 1112 331 1199 paedia
359 1135 427 1177 una
445 1118 508 1204 ,est
543 1113 585 1177 de
613 1112 739 1178 finibus
774 1112 912 1199 imperii
945 1111 1175 1198 paragraphus
1198 1112 1288 1178 VHI
1311 1113 1345 1197 8,
1372 1115 1390 1178 1

212 1218 286 1304 (cfr.
311 1220 440 1304 VIIIe,
466 1216 533 1304 21),
556 1219 617 1284 ubi
640 1221 716 1284 aliis
739 1219 853 1285 verbis
877 1219 929 1283 uti
952 1217 1094 1284 difficile
1121 1225 1205 1302 erat;
1235 1225 1391 1285 ceterum

211 1327 271 1392 illa
285 1327 390 1392 verba
407 1316 536 1411 ὡρίσθη
554 1319 613 1411 γὰρ
630 1318 716 1411 πρὸς
733 1320 775 1386 ἕο
798 1320 857 1404 μέν
875 1360 915 1370 -
932 1318 1114 1409 Αἰθιοπίᾳ
1130 1327 1205 1391 sine
1221 1327 1293 1392 ullo
1311 1350 1389 1392 sen-

213 1435 342 1500 tentiae
368 1433 580 1499 incommodo
604 1435 670 1499 eioi
693 1441 862 1520 possunta
885 1435 1004 1519 Neque
1021 1433 1207 1519 quidquam
1230 1435 1285 1498 illi
1308 1435 1391 1499 inde

213 1541 405 1629 proficiunt,
431 1541 520 1627 quod
544 1542 677 1627 epilogo
700 1542 896 1627 Xenophon
930 1542 1013 1606 haee
1048 1541 1108 1606 illa
1142 1564 1212 1606 non
1240 1565 1283 1606 ex
1307 1565 1390 1609 vero

210 1654 335 1735 narrat,
360 1649 419 1714 sed
442 1646 556 1714 verbis
581 1657 683 1734 auget
706 1656 807 1734 atque
831 1650 869 1713 in
886 1649 994 1713 maius
1019 1634 1162 1714 entollit
1201 1649 1390 1735 Epilogum

212 1756 304 1820 enim
329 1778 368 1822 00
393 1757 534 1822 oonsilio
570 1757 798 1843 composuisse
833 1756 984 1841 videtur,
1018 1761 1058 1822 ut
1093 1779 1208 1821 eorum
1243 1757 1390 1821 erimina

209 1863 374 1947 evitaret,
408 1863 466 1949 qui
491 1864 557 1929 sibi
579 1865 701 1928 Persas
725 1887 824 1950 supra
847 1886 967 1928 verum
990 1863 1147 1928 laudibus
1171 1864 1277 1928 elatos
1300 1863 1388 1929 vitio

210 1976 397 2054 verterent3
422 1971 537 2055 itaque
563 1994 639 2035 oum
660 1971 842 2036 Persarum
868 1971 1014 2037 virtutes
1038 1969 1131 2056 prius
1155 1970 1272 2056 fuisse,
1295 1988 1388 2036 nuno

212 2079 326 2143 omnia
350 2079 387 2142 in
410 2078 507 2164 peius
530 2101 627 2143 ruere
657 2078 918 2162 demonstraret,
935 2167 936 2170 Ἴ
952 2077 1052 2143 facile
1076 2077 1227 2143 accidere
1263 2080 1387 2165 potuit,

211 2190 251 2250 ut
286 2184 570 2270 quemadmodum
604 2185 676 2250 11110
709 2186 871 2270 virtuteS,
907 2186 955 2250 ita
988 2186 1046 2250 hie
1080 2186 1194 2250 omnia
1228 2185 1317 2250 vitia
1352 2187 1389 2251 in

212 2293 321 2358 maius
345 2292 494 2376 efferret,
519 2293 576 2357 vel
599 2315 732 2380 semper
755 2292 831 2357 fieri
852 2287 995 2378 diceret,
1019 2315 1104 2378 quae
1128 2294 1231 2358 semel
1256 2293 1407 2390 aooide-¹

211 2406 293 2464 runt
327 2399 398 2481 (cfr.
429 2401 469 2478 ἐξ
494 2400 524 2484 7,
551 2401 680 2485 19,’21,
705 2401 758 2485 22,
783 2402 835 2485 24,
861 2396 927 2483 25).
986 2401 1050 2465 1110
1085 2422 1166 2466 vero
1202 2392 1238 2465 se
1273 2401 1390 2488 ipsum

213 2506 431 2591 defendendi,
456 2508 578 2572 Persas
602 2507 823 2592 degeneratos
848 2507 1030 2572 accusandi
1054 2507 1166 2572 studio
1191 2508 1327 2594 accidit,
1351 2515 1392 2573 ut

212 2615 269 2680 vel
292 2615 329 2678 in
354 2613 503 2679 deterius
526 2621 657 2680 mutata
680 2615 749 2679 illis
771 2615 858 2680 vitio
882 2614 992 2700 daret,
1022 2638 1106 2700 quae
1130 2615 1291 2681 instituta
1315 2639 1392 2681 esse

212 2721 286 2807 ipse
309 2744 379 2787 non
403 2723 691 2807 commemoravit,
716 2722 776 2787 sed
792 2723 873 2788 olim
888 2723 1042 2788 floruisse
1058 2723 1171 2807 seivit,
1194 2722 1393 2808 plantarum

211 2851 310 2893 usum
335 2823 424 2912 dieo,
446 2851 546 2914 quem
569 2852 589 2893 a
611 2829 726 2916 pueris
749 2831 817 2894 iam
840 2853 910 2895 non
932 2829 976 2895 ad
999 2829 1205 2894 medicinam
1228 2853 1392 2895 exercen-

211 2936 305 3021 dam,
341 2935 401 3000 sed
436 2936 479 3001 ad
507 2959 640 3002 venena
674 2936 824 3023 paranda
859 2936 945 3002 disoi
973 2943 1089 3002 narrat
1111 2940 1131 3017 ἓ
1157 2938 1208 3002 14.
1255 2936 1394 3002 Eodem

214 3066 294 3108 vero
333 3043 552 3129 vituperandi
591 3044 704 3109 studio
742 3044 905 3110 inuitatus
938 3045 1053 3110 Persis
1090 3044 1180 3129 quod
1215 3044 1257 3108 ab
1300 3046 1392 3111 anti-

215 3173 281 3235 qua
309 3149 377 3214 fide
407 3157 441 3215 et
469 3150 597 3237 pietate
625 3152 853 3236 recessissent,
889 3152 977 3216 vitio
1012 3151 1070 3217 dat
1104 3158 1139 3216 et
1170 3152 1393 3238 Graecorum,

217 3257 276 3342 qui
311 3280 387 3323 oum
420 3258 510 3343 Cyro
544 3257 690 3343 profecti
725 3265 835 3343 erant,
885 3258 986 3323 duoes
1025 3259 1092 3323 fide
1128 3259 1264 3324 illorum
1300 3261 1393 3325 anti·

213 3365 328 3450 quitus
355 3365 491 3450 cognita
514 3364 619 3429 fretos
654 3366 691 3429 in
715 3366 953 3452 Tissaphernis
986 3373 1096 3431 eastra
1131 3367 1267 3432 venisse
1304 3366 1395 3432 dicit

216 3469 251 3549 (ξ
276 3467 323 3555 3),
349 3495 391 3536 ex
413 3470 566 3538 Anabasi
591 3473 683 3536 enim
718 3474 800 3538 satis
836 3480 991 3560 apparet,
1026 3473 1090 3538 hoo
1124 3480 1262 3560 propter
1285 3475 1393 3540 unius

214 3579 370 3644 Olearehi
394 3579 552 3644 stolidam
575 3580 804 3645 temeritatem
828 3588 863 3646 et
886 3581 1002 3646 odium
1025 3581 1187 3646 adversus
1203 3583 1394 3648 Menonem

215 3685 343 3752 factum
367 3709 449 3771 esse,
474 3710 551 3751 oum
575 3687 635 3752 alii
656 3694 887 3774 repugnarent
910 3685 990 3772 (An.
1007 3688 1089 3773 115,
1108 3685 1263 3772 27-30).
1291 3690 1395 3767 Quod

215 3816 274 3858 suo
298 3794 371 3858 iure
397 3795 536 3860 Grotius
563 3819 603 3880 „a
626 3795 760 3861 ourious
783 3796 980 3883 perversiori
1010 3796 1049 3861 of
1074 3796 1208 3881 history
1230 3801 1265 3861 to
1291 3820 1392 3863 serve

321 3985 347 4056 1)
385 3987 489 4060 Oyrop.
503 3989 578 4044 VIII
589 3989 615 4058 8,
630 3990 646 4042 5
665 3982 762 4041 ὁποῖοί
778 4008 848 4047 τινες
860 3982 914 4060 γὰρ
929 3981 963 4041 riv
977 3993 1005 4042 οἱ
1023 3983 1178 4061 προστάται
1192 3984 1252 4053 ὦσι,
1266 3991 1392 4045 τοιοῦτοι

213 4080 260 4128 καὶ
279 4079 307 4128 οἱ
327 4070 371 4128 ὑπ’
395 4071 484 4128 αὐτῶν
509 4071 544 4135 οἷς
567 4080 613 4129 ἐπὶ
637 4071 667 4130 τὸ
691 4071 761 4130 πολὺ
784 4085 935 4148 γίγνονται.
965 4081 1046 4134 Veot.
1066 4079 1082 4132 I
1101 4081 1129 4133 l:
1149 4073 1247 4132 ὁποῖοί
1263 4099 1337 4140 τινες
1357 4075 1392 4134 ἂν

214 4168 241 4218 οἱ
260 4159 413 4236 προστάται
433 4160 492 4230 ὦσι,
513 4159 641 4225 τοιαύτας
659 4171 705 4219 καὶ
725 4160 772 4225 τὰς
790 4172 929 4226 πολιτείας
946 4173 1095 4238 γίγνεσθαι
1113 4173 1225 4240 νομίζω.

320 4257 349 4322 2)
386 4256 507 4310 Praeter
524 4255 602 4310 locos
620 4274 708 4328 supra
726 4257 859 4311 laudatos
878 4258 1009 4312 conferas
1028 4258 1187 4328 Anauni,
1202 4259 1236 4312 15
1254 4265 1284 4314 et
1303 4261 1352 4316 HI
1364 4261 1390 4330 4,

213 4345 248 4399 35
267 4363 332 4399 oum
353 4346 456 4417 Cyrop.
476 4345 566 4414 1113,
586 4347 633 4416 263
652 4346 744 4402 Anab.
764 4346 823 4417 19,
843 4349 860 4400 3
879 4366 944 4402 oum
964 4347 1069 4420 Cyrop.
1088 4348 1104 4402 I
1123 4350 1148 4420 2,
1168 4349 1185 4402 3
1203 4366 1262 4423 seq.
