2880 4852
535 229 754 294 -85,

61 404 123 472 sibi
147 414 390 493 persuaserunt
413 408 552 474 Grotius
577 405 634 482 (H.
659 430 688 474 o.
714 408 755 473 G.
780 408 1037 492 1113211112),
1062 409 1121 493 qui
1143 408 1233 474 inter

62 531 189 600 pugnas
214 515 373 580 Cnidiam
396 510 718 601 Leuctricamque1),
744 515 890 581 Cobetus
914 512 970 599 (N.
993 514 1033 579 L.
1059 513 1147 600 721),
1173 516 1232 601 qui

64 618 148 687 inter
171 645 200 687 a.
225 623 291 687 388
315 628 350 687 et
373 618 507 707 317116,
543 622 713 688 Fuchsius
748 620 900 707 (Quaest.
936 623 977 687 de
1013 622 1110 687 libris
1140 623 1230 687 Xon.

10 806 12 811 ,
66 725 99 794 de
132 752 204 817 rep.
227 730 350 794 Laced.
385 737 421 795 et
456 730 498 810 de
525 754 594 817 rep.
623 730 751 796 Athen.
775 754 808 817 p.
831 720 910 813 41),
934 730 993 815 qui
1016 731 1116 816 paulo
1152 736 1232 794 ante

59 856 207 923 pugnam
241 838 385 903 Naxiam
419 834 462 921 (a.
488 839 566 919 376)
601 845 713 903 ortum
750 838 957 902 existimant.
1018 837 1071 901 De
1094 838 1232 902 Ditten-

59 941 192 1030 bergeri
227 945 472 1026 sentententia,
508 946 567 1031 qui
601 945 945 1010 Lacedaemoniorum
973 945 1232 1030 Rempublicam

49 1059 195 1136 quartae
210 1052 451 1138 Xenophontis
469 1054 574 1118 aetati
596 1053 751 1118 tribuens
774 1060 852 1139 post
869 1052 1117 1139 Cyropaediam
1141 1075 1231 1118 com-

47 1159 203 1242 posnam
227 1167 352 1245 censet,
377 1183 479 1246 supra
501 1161 569 1225 iam
593 1160 665 1225 dixi
687 1183 720 1246 p.
745 1161 798 1224 45.

430 1317 530 1407 §22
578 1321 621 1389 lle
645 1280 855 1406 cyropaedia.

164 1446 354 1532 Singularis
390 1447 542 1531 quaestio
581 1446 622 1511 de
659 1445 870 1532 Cyropaedia
910 1453 971 1510 est.
1033 1447 1121 1511 Nam
1160 1452 1232 1510 tam

48 1555 206 1640 amplum
230 1576 313 1640 opus
337 1552 434 1618 brevi
456 1559 609 1639 tempore
633 1552 790 1639 componi
812 1575 883 1617 non
899 1553 1051 1639 potuisse
1074 1560 1229 1640 apparet,

55 1682 158 1744 quare
173 1660 438 1746 Xenophontem
455 1661 534 1726 huic
557 1661 644 1727 libro
668 1659 900 1748 componendo
916 1684 976 1747 per
992 1662 1106 1747 plures
1124 1684 1230 1726 annos

59 1789 192 1853 operam
215 1791 367 1852 navasse,
394 1775 428 1832 et
451 1791 529 1833 eum
552 1768 695 1833 fortasse
711 1791 781 1832 non
803 1791 871 1833 uno
892 1774 1020 1852 tenore,
1038 1767 1097 1832 sed
1121 1769 1230 1854 spatio

64 1875 202 1959 quodam
226 1876 405 1940 interiecto
430 1876 606 1963 scripsisse
630 1874 803 1961 probabile
835 1881 896 1939 est.
943 1875 1059 1960 Atque
1081 1875 1230 1960 particu-

64 1979 164 2047 lannn
187 2005 268 2048 usus
292 1984 399 2048 multa
423 2006 499 2048 cum
524 1990 693 2047 extremae
726 1982 847 2046 aetatis
880 1983 1016 2068 scriptis
1040 1982 1231 2047 communia

68 2087 170 2173 habet,
206 2092 302 2155 velut
343 2090 609 2176 comparationes
650 2089 946 2175 frequentissimae
986 2096 1067 2155 sunt
1101 2078 1228 2173 (ὥσπερ

69 2195 233 2263 ducenties
267 2197 387 2263 novies
421 2194 573 2283 legItur),
603 2188 645 2282 δή
679 2198 803 2262 iterum
838 2197 1030 2282 iterumque
1064 2196 1230 2283 repetitur

68 2300 130 2384 (cfr.
154 2330 188 2393 p.
213 2306 256 2369 39
281 2301 378 2390 sqq),
403 2312 437 2371 et
460 2305 543 2369 haec
567 2306 626 2369 illa
650 2310 840 2387 occurrunt,
865 2327 950 2389 quae
973 2309 1107 2389 praeter
1123 2304 1229 2388 Cyro-

66 2412 212 2496 paediam
250 2412 288 2476 in
325 2435 394 2476 una
427 2413 683 2477 Hellenicorum
722 2412 824 2476 tertia
861 2417 957 2498 parte
995 2411 1228 2476 inveniuntur.

66 2518 144 2597 Nam
169 2520 206 2584 in
230 2520 324 2584 nullo
359 2520 425 2585 alio
440 2519 693 2605 Xenophontis
727 2518 814 2584 libro
850 2525 1009 2604 quattuor
1043 2518 1228 2605 particulae

10 2699 12 2707 ,
63 2628 258 2692 coniunctae
281 2628 442 2713 leguntur
464 2629 560 2691 velut
582 2620 638 2686 aui
661 2620 731 2704 pia
745 2618 784 2710 δὴ
808 2619 879 2702 καί,
905 2625 996 2711 quod
1019 2632 1072 2690 est
1095 2626 1132 2690 in
1148 2626 1227 2711 Oyr.

10 2743 14 2765 ³
61 2733 142 2798 VIII
161 2736 193 2818 4,
217 2736 240 2799 8
264 2740 298 2798 et
319 2729 379 2812 μὲν
403 2716 459 2795 οὖν
482 2725 522 2818 δὴ
545 2726 603 2794 καί
626 2734 812 2817 HellV3,
836 2734 867 2816 5,
890 2755 1001 2818 neque
1017 2733 1054 2796 in
1069 2733 1139 2798 ullo
1162 2733 1227 2797 alio

56 2841 143 2907 libro
178 2841 334 2906 invenies
368 2835 424 2902 καὶ
460 2832 500 2926 δὴ
535 2833 602 2924 καί,
639 2840 729 2926 quod
757 2847 809 2904 est
836 2841 873 2904 in
897 2841 976 2925 Oyr.
1001 2841 1071 2922 16,
1095 2841 1154 2923 213
1178 2839 1229 2904 IV

57 2949 87 3032 2,
114 2951 150 3031 1;
175 2949 266 3013 Hell.
286 2949 320 3013 V
341 2950 372 3033 4,
396 2950 431 3031 4,
456 2949 506 3013 VI
528 2949 560 3032 4,
588 2950 643 3033 13,
672 2970 748 3012 cum
771 2941 827 3007 καὶ
852 2939 913 3030 γὰρ
937 2939 987 3032 δή,
1011 2941 1070 3024 μὲν
1093 2938 1152 3030 γὰρ
1177 2937 1227 3030 δή,

55 3049 112 3117 καὶ
139 3047 198 3139 γὰρ
224 3037 279 3116 οὖν
302 3056 339 3119 in
374 3055 530 3120 omnibus
566 3055 636 3120 fere
659 3054 901 3141 Xenophontis
937 3053 1072 3140 scriptis
1095 3060 1229 3138 praeter

51 3163 305 3249 Cynegeticum
329 3170 364 3228 et
387 3164 476 3228 Hell.
500 3186 533 3249 p.
557 3164 575 3227 I
607 3163 765 3247 legantur
788 3160 860 3242 (cfr.
886 3185 918 3248 p.
943 3162 986 3225 39
1010 3157 1052 3243 a).
1113 3160 1225 3238 Quare

49 3277 135 3359 post
168 3271 309 3336 alteram
332 3270 586 3335 Hellenicorum
620 3276 751 3356 partem
787 3267 1228 3355 Cyropaediam-scriptam

50 3401 132 3444 esse
154 3379 223 3444 iam
246 3378 432 3443 verisimile
457 3385 517 3443 est.
564 3379 616 3442 Eo
644 3399 724 3441 vero
752 3381 967 3460 argumentO,
1002 3397 1067 3459 quo
1091 3375 1229 3439 DItten-

48 3488 218 3572 bergerus
241 3485 315 3566 (cfr.
331 3510 364 3573 p.
381 3482 437 3568 37)
462 3485 708 3571 Cyropaediam
731 3483 883 3548 Anabasi
903 3488 936 3546 et
954 3482 1060 3546 altera
1075 3480 1229 3544 Helleni·

52 3617 172 3660 corum
195 3600 292 3680 parte
315 3592 537 3679 posteriorem
562 3615 635 3656 esse
659 3590 888 3655 demonstrare
911 3589 1036 3672 voluit,
1073 3611 1111 3653 eo
1135 3587 1229 3673 equi-

54 3701 138 3766 dem
160 3701 212 3765 uti
235 3723 305 3765 non
329 3699 449 3765 audeo:
486 3698 576 3784 quod
600 3721 641 3762 ex
665 3721 704 3762 ea
737 3720 774 3762 re
809 3696 902 3761 effici
923 3719 1023 3783 posse
1047 3696 1229 3780 existImat,

53 3807 150 3894 quod
172 3830 347 3892 nunquam
370 3807 407 3870 in
431 3807 500 3871 illis
516 3798 580 3891 μήν
603 3828 679 3870 cum
701 3804 957 3888 interrogativis
973 3803 1230 3891 pronominibus

53 3921 117 3980 aut
139 3915 309 3980 adverbiis
333 3915 551 3979 coniunctum
573 3915 716 3998 legatur,
740 3912 778 3976 in
795 3911 1006 3997 Cyropaedia
1029 3916 1142 3976 autem
1158 3932 1229 3975 non

54 4025 107 4089 ita
122 4045 206 4088 raro.
240 4023 288 4087 At
311 4023 348 4086 in
364 4021 618 4086 Hellenicorum
634 4021 740 4085 altera
754 4026 851 4106 parte
867 4019 1153 4103 interrogationes
1176 4040 1228 4082 ra·

169 4215 195 4286 1)
216 4190 305 4272 ¹Cum
325 4215 426 4271 Grotio
446 4214 589 4269 consentit
607 4214 733 4281 Erlerus,
753 4214 882 4280 Quaestt.
902 4211 937 4266 de
950 4211 1052 4266 Laced.
1072 4230 1130 4282 rep.
1144 4230 1171 4282 p.
1185 4212 1227 4264 20.

53 4309 93 4363 A.
121 4306 176 4361 394
196 4305 327 4361 libellum
351 4305 541 4376 compositum
571 4303 641 4357 dicit
668 4303 802 4373 Sicinius,
830 4302 961 4356 Bemerk.
987 4320 1024 4355 zu
1051 4300 1230 4372 Xenophons

54 4399 127 4453 Lac.
147 4413 267 4466 resp-p.
288 4396 329 4448 11.
