2880 4852
603 242 823 306 ...55ss

124 443 185 486 rex
208 443 251 485 ex
273 419 346 485 vita
369 420 524 503 decessit,
548 421 656 486 vitam
678 419 886 506 produxisse,
911 443 989 486 eum
1011 444 1081 487 non
1100 422 1220 488 vivum
1239 423 1290 489 sed

125 534 296 594 mortuum
324 528 519 614 praedicare
541 526 700 593 videatur
722 527 758 591 Π
784 529 848 592 100
872 528 944 609 (cfr.
968 529 1112 614 Ullrich,
1137 531 1244 596 Beitr.
1267 555 1290 597 r.

125 617 259 701 Erlda'r.
285 634 316 700 d.
343 635 453 701 Thuk.
478 657 510 720 p.
529 629 658 718 145);1)
682 633 809 700 sedne
832 634 869 699 id
885 635 1023 721 quidem
1039 642 1182 721 constat,
1209 638 1291 723 quod

69 751 72 758 “
125 742 228 828 vulgo
257 765 317 828 pro
346 749 438 808 certo
468 741 625 824 habetur,
662 763 739 805 curn
766 764 845 806 eum
872 749 951 807 ante
979 766 1008 809 a.
1032 744 1098 808 396
1129 751 1294 810 mortuum

127 872 200 915 esse
223 849 395 915 affirment
418 847 493 933 (cfr.
513 848 653 914 Classen
666 847 717 912 ed.
734 856 759 914 t.
776 849 794 913 I
809 873 841 936 p.
859 844 1013 933 XXIX),
1038 850 1127 935 quod
1145 858 1295 937 quartam

126 956 260 1023 Aetnae
295 956 507 1043 eruptionem
541 978 611 1020 non
652 956 868 1040 cognovisset
906 955 1027 1040 (Thuc.
1055 957 1110 1021 HI
1146 959 1210 1023 116
1239 957 1294 1024 cfr.

125 1063 263 1130 Diodor.
288 1062 377 1129 XIV
400 1062 465 1142 59).
513 1061 600 1127 Cum
628 1061 720 1126 enim
748 1063 843 1148 operi
871 1070 1056 1128 extremam
1079 1087 1219 1130 manum
1241 1065 1295 1129 ad-

125 1170 271 1236 hibitam
293 1192 364 1235 non
388 1192 461 1235 esse
485 1174 627 1252 constet,
652 1169 715 1234 hac
737 1193 773 1233 16
789 1169 878 1234 nihil
894 1169 987 1234 aliud
1001 1169 1172 1256 probatur,
1198 1195 1295 1257 quam

126 1278 266 1343 tertium
289 1263 414 1343 librum
438 1282 517 1342 ante
541 1299 569 1341 a.
594 1276 659 1340 396
684 1278 906 1362 compositam
929 1299 1011 1342 esse.
1042 1313 1084 1322 -—
1119 1278 1191 1344 Fae
1219 1301 1296 1344 vero

127 1383 364 1470 Thucydidem
387 1383 478 1448 inter
501 1404 530 1447 a.
555 1383 620 1447 399
645 1388 680 1448 61
703 1384 768 1448 396
792 1407 833 1448 ex
855 1384 929 1449 vita
952 1382 1159 1470 discessisse,
1184 1392 1297 1450 tamen

126 1491 392 1578 Xenophontem
416 1512 455 1555 eo
478 1495 630 1575 ternpore
645 1490 836 1555 Historiam
860 1492 1025 1557 Graecam
1054 1491 1203 1557 seribere
1227 1515 1296 1558 coe-

126 1598 217 1684 pisse
241 1620 311 1663 non
333 1597 508 1685 probabile
543 1603 609 1682 est,
645 1620 722 1662 cum
756 1598 794 1662 in
828 1597 912 1663 Asia
944 1597 1035 1684 apud
1066 1599 1297 1684 Dercyllidam

125 1704 391 1790 Agesilaumque
424 1699 660 1783 versaretur2).
711 1705 831 1789 Itaque
866 1704 1011 1791 primam
1030 1705 1297 1770 -Hellenicorum

126 1818 257 1899 partem
293 1812 512 1900 compositam
548 1810 719 1896 existim0,
755 1819 934 1898 postquam
969 1812 1027 1876 1116
1062 1835 1091 1877 6.
1121 1813 1189 1877 394
1223 1835 1297 1877 cum

126 1919 287 2004 Agesilao
316 1921 353 1985 in
373 1918 552 2006 ¹Europam
580 1918 752 2002 rediisset,
788 1914 889 2003 atque
925 1941 1002 1983 cum
1036 1925 1114 2005 post
1147 1941 1297 2005 pugnam

128 2027 358 2092 Coronensem
382 2049 459 2092 cum
481 2047 562 2112 rege
586 2025 699 2090 saucio
724 2025 881 2111 Spartam
903 2025 1075 2112 profectus
1099 2026 1217 2111 ibique
1240 2047 1297 2112 per

128 2134 257 2218 aliquot
280 2141 414 2219 tempus
438 2138 662 2198 commoratus
687 2155 760 2197 esse
783 2133 955 2217 videatur,
980 2156 1056 2198 cum
1079 2132 1135 2197 vel
1156 2133 1245 2199 filios
1262 2155 1296 2198 eo

126 2246 312 2305 arcesseret
334 2239 406 2320 (cfr.
430 2263 463 2326 p.
488 2240 541 2305 21.
566 2240 631 2325 26),
655 2240 746 2305 hunc
769 2239 894 2304 librum
917 2240 955 2304 in
977 2241 1053 2326 ipsa
1074 2241 1197 2327 Sparta
1219 2240 1295 2305 scri-

126 2353 224 2433 ptum
248 2370 320 2412 esse
345 2348 456 2413 conici
478 2353 603 2434 potest,
641 2370 843 2434 quamquam
872 2347 957 2412 certi
980 2346 1111 2432 aliquid
1133 2370 1234 2412 nemo
1259 2346 1295 2410 de

126 2454 189 2520 hac
212 2477 248 2518 16
271 2453 441 2520 affirmare
464 2477 563 2541 posse
588 2455 654 2521 sibi
676 2454 860 2520 videbitur.
902 2454 904 2456 ’

367 2610 390 2700 5
414 2613 460 2681 14.
507 2614 550 2682 sse
573 2614 681 2682 altera
705 2613 933 2683 Helleniccrum
959 2614 1062 2700 parte.

233 2739 282 2804 At
309 2740 494 2804 Muellerus
523 2740 553 2804 si
581 2762 701 2824 verum
727 2740 818 2806 vidit
846 2747 880 2804 et
907 2740 1017 2826 prima
1044 2739 1295 2805 Hellenicorum

127 2870 205 2933 pars
223 2847 410 2912 secundum
425 2846 550 2912 librum
566 2869 636 2912 non
652 2853 761 2912 totum
778 2848 1023 2934 complectitur,
1041 2846 1101 2911 sed
1116 2854 1194 2932 post
1210 2847 1295 2912 deci-

29 2946 37 2973 *
127 2977 218 3019 marn
245 2954 339 3019 tertii
368 2953 490 3040 capitis
520 2954 706 3019 sectionem
741 2955 821 3038 exit,
857 2953 1040 3019 Niebuhrii
1077 2976 1192 3018 nonne
1225 2977 1296 3018 sen-

130 3061 240 3126 tentia
262 3060 410 3126 refutata
433 3067 534 3146 atque
558 3061 617 3127 illa
640 3060 756 3127 rerba:
788 3050 897 3143 ὅρκοις
925 3053 974 3121 ἔῑι
1002 3054 1059 3120 καὶ
1088 3060 1149 3120 νῦν.
1171 3055 1297 3140 ἐμμένει

130 3157 146 3229 ὃ
171 3164 284 3252 δῆμος,
315 3191 400 3254 quae
422 3168 513 3252 114,
542 3168 586 3232 43
613 3169 784 3254 leguntur,
809 3175 939 3255 posta.
970 3169 1035 3232 367
1069 3168 1196 3253 scripta
1229 3191 1298 3232 esse

129 3277 284 3361 oportet?
307 3277 385 3342 Non
407 3280 549 3363 oportet.
585 3276 673 3340 Nam
695 3298 744 3339 ner
762 3276 964 3361 posteriores
989 3274 1127 3360 quidem
1151 3275 1300 3359 quinque

130 3382 235 3448 libros
271 3383 431 3448 continuo
455 3383 658 3469 compositos
693 3405 766 3448 6666
796 3390 830 3448 61
858 3384 1042 3448 Grosserus
1067 3387 1101 3446 61
1124 3381 1300 3446 Nitsehius

131 3488 461 3556 demonstraverunt.
500 3491 650 3568 Quorum
673 3490 731 3554 ille
755 3490 895 3574 quidem
908 3512 947 3555 eo
963 3489 1179 3576 potissimum
1203 3511 1301 3575 argu-

236 3685 264 3752 1)
300 3683 499 3755 Thucydidem
527 3683 603 3755 apud
629 3683 805 3738 Archelaum
835 3688 1045 3738 commoratum
1074 3700 1136 3738 esse
1164 3682 1303 3738 Wilamo-

129 3772 245 3827 witzius
271 3774 406 3840 (Hermes
424 3773 486 3827 XII
508 3791 535 3844 p.
554 3773 709 3840 326-367)
736 3773 809 3826 1111111
836 3791 894 3826 non
922 3773 1066 3844 perruasit
1093 3769 1157 3841 (cfr.
1182 3771 1303 3841 Gilbert,

128 3861 233 3916 Philol.
253 3863 296 3932 38,
316 3860 392 3932 243);
412 3851 488 3917 certe
500 3862 599 3917 Pellae
617 3879 683 3916 enm
701 3867 848 3916 mortuum
867 3879 929 3917 esse
948 3881 1008 3917 non
1027 3865 1141 3917 constat
1159 3859 1223 3931 (cfr.
1243 3861 1303 3915 Gil-

130 3950 194 4005 bert
212 3951 231 4005 l.
250 3951 268 4005 1.
288 3950 409 4008 Schoell.
429 3952 530 4006 Herm.
549 3950 626 4005 XIII
644 3970 671 4022 p.
690 3951 764 4017 450).

236 4039 265 4110 2)
303 4039 399 4094 Grotii
426 4039 577 4116 sententia,
606 4039 655 4110 qui
673 4040 897 4111 Xenophontem
916 4059 941 4093 a.
962 4041 1015 4094 399
1033 4039 1165 4095 Athenas
1184 4038 1305 4095 rediisse

129 4128 227 4200 ibique
245 4147 296 4200 per
314 4129 424 4200 aliquot
442 4147 555 4184 menses
573 4134 718 4182 moratum
742 4146 804 4184 esse
823 4129 892 4184 dicit
912 4129 959 4200 (H.
981 4130 1014 4184 of
1030 4129 1079 4185 Gr.
1099 4129 1144 4184 IX
1163 4129 1237 4196 240),
1256 4145 1304 4182 ne-

131 4235 185 4288 que
203 4217 239 4272 iis
262 4235 335 4289 quae
353 4217 445 4273 Anab.
465 4218 523 4272 VH
542 4218 567 4288 7,
586 4218 628 4272 57.
647 4219 673 4286 8,
693 4219 717 4271 2.
736 4218 882 4289 leguntur,
901 4218 972 4272 satis
990 4218 1250 4290 probaturfneque
1271 4223 1303 4272 ut

131 4325 233 4362 verum
252 4308 338 4363 homo
358 4307 541 4363 doctissimus
560 4306 722 4377 iudicasset,
751 4307 977 4380 Xenophontem
1000 4307 1081 4362 brevi
1104 4307 1154 4363 illo
1173 4312 1304 4380 tempore

130 4394 295 4453 Historiam
314 4397 495 4453 scribendam
513 4413 683 4469 aggressum
702 4413 763 4451 esse
783 4397 925 4452 existimo.
