2880 4852
617 255 836 324 .-61ω

249 436 315 504 Sed
339 445 521 523 antequam
536 438 716 503 Hellenica
739 438 843 503 missa
866 437 977 502 faeere
992 459 1179 524 possumus,
1203 458 1310 524 pauca

165 540 194 607 de
211 567 319 610 eorum
335 546 506 610 sententia
522 544 678 610 addenda
694 551 783 630 sunt,
808 545 867 630 qui
890 567 960 610 non
975 545 1083 632 ipsius
1098 544 1308 632 Xenophon-

101 648 107 708 ’ἶ
162 647 194 713 tis
212 674 301 739 opus,
326 651 387 717 sed
410 653 583 738 epitomen
606 652 705 717 modo
729 675 771 736 ex
794 674 833 717 eo
850 650 982 717 *factam
1016 651 1113 717 nobis
1141 658 1310 718 servatam

101 790 103 797 ν
160 774 216 824 esse
235 766 368 845 putant.
427 760 521 837 Quae
554 759 684 845 primus
713 759 887 846 Campius,
921 759 1178 824 Hellenicorum
1205 759 1310 824 inter-

152 872 288 942 pretator
311 867 545 951 Germanicus,
570 865 636 931 sibi
659 867 828 954 persuasit
852 866 997 946 (11856
1020 865 1126 952 praef.
1149 889 1182 952 p.
1199 864 1309 950 VIII),

149 963 262 1038 deinde
292 973 441 1046 Graecus
476 972 594 1039 doctus
618 964 811 1061 Koupcovo‘g
833 966 925 1056 (περὶ
948 972 1013 1033 τῶν
1033 962 1229 1057 Ἑλληνικῶν
1251 972 1310 1034 τοῦ

143 1066 360 1165 Ξενοφῶντος.
410 1081 505 1146 1859.
545 1079 686 1161 Athen.)
729 1103 792 1145 nec
837 1102 907 1145 non
941 1103 997 1145 vv.
1027 1079 1082 1146 dd.
1107 1080 1312 1166 Iungelaus-

138 1197 201 1251 sen
227 1187 353 1279 (progr.
377 1186 528 1253 Meldorf
549 1187 661 1273 1862),
695 1189 737 1253 D.
763 1187 941 1253 Fabricius
976 1185 1109 1271 (Jahrb.
1139 1187 1310 1253 f.Phfl01.

135 1289 162 1353 l·
190 1287 334 1381 93‚455),
360 1296 501 1361 Grosser
525 1291 620 1379 (ibid.
637 1319 670 1382 p.
684 1295 704 1359 7
707 1295 763 1377 21;
788 1303 813 1359 t.
827 1295 870 1359 95
886 1318 917 1381 p.
936 1295 1014 1377 737;
1039 1302 1064 1360 t.
1084 1295 1156 1378 105,
1176 1318 1209 1381 p.
1223 1296 1312 1378 723).

135 1392 208 1475 Qui
231 1402 275 1467 ad
299 1403 506 1467 sententiam
529 1425 625 1467 suam
648 1401 915 1467 confirmandam
945 1401 1074 1478 duobus
1097 1403 1314 1488 potissimum

131 1510 353 1595 argumentis
376 1510 431 1574 usi
454 1515 543 1575 sunt.
589 1510 744 1573 Primum
773 1509 865 1573 enim
892 1508 1017 1574 librum
1046 1514 1098 1574 tot
1121 1509 1217 1575 vitiis
1241 1531 1312 1574 cor-

129 1622 279 1703 ruptum
303 1623 337 1682 et
359 1617 397 1681 in
421 1639 486 1702 quo
509 1623 561 1682 tot
583 1639 637 1681 res
660 1616 917 1703 praetermissae
941 1623 1035 1700 sunt,
1059 1638 1145 1700 quae
1169 1639 1313 1681 comme·

128 1722 322 1788 Inoraudae
357 1723 509 1807 fuerunt,
544 1747 564 1789 a
590 1724 819 1811 Xenophonte
854 1724 956 1790 scribi
990 1724 1141 1811 potuisse
1174 1729 1312 1808 negant,

132 1824 265 1896 deinde
281 1830 501 1896 Plutarchum
514 1831 580 1897 alia
597 1837 631 1895 et
643 1854 683 1895 ea
699 1832 863 1919 ampliora
877 1831 1119 1919 Xenophontis
1134 1830 1314 1895 Hellenica

133 1931 266 2023 legisse
301 1938 521 2003 contendunt.
581 1937 730 2014 Quorum
764 1939 912 2024 primum
948 1945 1187 2023 argumentum
1225 1936 1313 2024 apud

137 2044 315 2110 neminem
336 2045 475 2130 valebit,
504 2045 563 2131 qui
587 2045 629 2110 de
652 2046 767 2111 indole
791 2052 892 2131 atque
916 2047 1056 2132 ingenio
1072 2045 1313 2137 Xenophontis

142 2152 241 2217 aliter
264 2151 403 2236 iudicat,
429 2158 463 2217 et
479 2175 556 2217 eum
571 2175 641 2218 non
656 2154 771 2218 neseio
795 2175 895 2238 quem
909 2153 1119 2238 praeclarum
1136 2175 1175 2217 ac
1198 2152 1315 2236 singu-

143 2257 247 2324 larem
271 2258 470 2324 historicum
486 2258 603 2346 fuisse,
628 2260 686 2325 sed
702 2261 802 2327 rebus
818 2245 1022 2325 militaribus
1047 2265 1081 2324 et
1103 2259 1315 2345 equestribus

149 2367 255 2453 magis
280 2366 464 2431 eminuisse
488 2390 588 2452 quam
614 2368 753 2453 litteris,
778 2368 1024 2453 praecipueque
1039 2367 1230 2432 Hellenicis
1246 2389 1315 2431 non

149 2495 256 2538 rerum
279 2480 453 2558 gestarum
481 2474 655 2561 scriptoris
684 2474 807 2540 officiis
835 2474 992 2539 functum
1020 2497 1108 2558 esse,
1141 2473 1201 2539 sed
1224 2473 1315 2558 Age-

151 2579 266 2646 silaum
290 2586 324 2644 et
339 2581 624 2647 Lacedaemonios
640 2581 860 2668 praedicandi
881 2582 1073 2647 occasiones
1097 2581 1315 2666 quaesivisse,

101 2756 103 2769 ,
152 2686 364 2775 vituperandi
387 2688 543 2773 evitasse,
568 2695 602 2753 et
625 2711 710 2774 quae
733 2689 926 2754 adversaria
948 2685 1017 2754 illis
1041 2689 1247 2772 acciderunt,
1271 2688 1316 2752 si·

153 2792 251 2860 lentio
275 2795 491 2880 praeteriisse
516 2796 698 2890 existimat.
727 2795 884 2861 Alterum
899 2819 999 2861 nemo
1015 2796 1083 2860 11111
1099 2796 1165 2861 sibi
1179 2818 1315 2882 persua-

101 2980 103 2999 ,
156 2898 253 2986 debit,
291 2925 367 2966 cum
400 2902 622 2968 Plutarchum
656 2926 725 2968 non
748 2903 989 2989 Xenophontis
1017 2903 1221 2987 Hellenicis,
1257 2901 1317 2966 sed

101 3002 103 3011 '
156 3005 292 3094 llphoro,
316 3009 375 3093 qui
390 3009 656 3096 Xenophontem
672 3011 766 3095 legit,
791 3033 890 3075 usum
906 3032 979 3074 esse
996 3005 1169 3089 constetl).
1206 3009 1316 3086 Quare

159 3133 233 3197 quac
266 3116 364 3202 plura
396 3116 599 3181 Plutarchus
635 3117 773 3183 exhibet
807 3140 907 3203 quam
935 3117 1145 3202 Xenophon,
1177 3138 1216 3180 ea
1248 3138 1317 3180 non

159 3218 325 3288 Hellenica
347 3222 389 3287 ab
413 3245 452 3288 eo
476 3225 638 3310 ampliora
654 3247 754 3309 quam
777 3247 838 3289 nos
862 3223 1025 3289 habemus
1048 3225 1136 3288 lecta
1152 3246 1225 3287 esse
1240 3245 1316 3309 pro·

160 3323 243 3415 bant,
272 3329 333 3393 sed
354 3329 492 3416 Ephoro
520 3331 702 3397 tribuenda
730 3339 819 3397 sunt.
866 3332 985 3417 Neque
1013 3330 1126 3394 minus
1148 3329 1316 3395 Diodorus

163 3519 248 3578 udam
265 3523 338 3578 libro
358 3540 409 3594 per
426 3523 533 3578 multas
551 3524 673 3595 paginas
697 3524 793 3594 aliqua
817 3524 959 3596 particula
982 3542 1041 3578 non
1064 3524 1186 3594 legatur,
1215 3522 1317 3578 deinde

165 3607 246 3668 crebro
264 3612 295 3667 in
314 3612 414 3667 eadem
432 3613 540 3684 pagina
560 3614 611 3668 cfr.
631 3607 729 3680 δήπου,
759 3613 835 3683 quod
854 3612 1005 3684 quinquies
1023 3612 1100 3667 Hell.
1119 3612 1188 3681 113,
1201 3612 1317 3682 30-45,

164 3702 236 3756 smel
252 3701 283 3756 in
301 3707 405 3772 quarto
424 3707 453 3757 et
471 3702 572 3773 quinto
590 3702 664 3756 libro
683 3701 791 3773 legitur
810 3702 864 3773 (IV
881 3703 907 3772 8,
926 3702 957 3772 43
975 3703 1002 3756 V
1022 3704 1045 3772 l,
1067 3699 1125 3772 14);
1143 3691 1189 3768 ’1111
1215 3700 1260 3756 bis
1287 3701 1318 3755 in

166 3783 343 3862 Oyropaediae
361 3797 443 3846 sexto
456 3792 552 3846 octavi
565 3792 632 3846 libri
651 3791 752 3862 eapite,
773 3793 806 3846 15
815 3792 856 3846 ies
875 3791 1004 3846 intortio
1023 3790 1109 3863 primi
1119 3790 1186 3844 libri
1205 3789 1319 3862 (quater

165 3869 294 3935 heodem
314 3879 442 3935 sectione
460 3881 519 3948 13,
538 3882 555 3933 2
574 3887 604 3936 et
622 3880 663 3950 91)
685 3911 716 3919 -
736 3881 846 3935 Eadem
869 3880 982 3935 ratione
1000 3880 1197 3951 praecedentis
1215 3879 1318 3951 capitis

165 3959 235 4027 (Hell
248 3969 307 4025 VH
320 3967 347 4037 1)
365 3974 478 4041 partem
497 3969 620 4042 primam
640 3970 666 4039 (ξ
680 3972 779 4038 1-21)
797 3976 864 4041 post
876 3971 997 4024 alteram
1011 3970 1038 4039 (ξ
1049 3971 1083 4024 27
1096 3969 1166 4040 -46)
1180 3969 1317 4041 scriptam

165 4065 213 4110 esse
237 4057 322 4113 facile
344 4057 488 4131 Sauppius
510 4059 632 4130 probare
650 4065 755 4130 posset,
778 4059 803 4114 si
828 4060 904 4114 forte
931 4065 1144 4131 argumentum,
1171 4064 1204 4112 ut
1232 4064 1318 4129 caput

101 4184 103 4191 ·
165 4137 366 4217 discinderetur,
375 4147 565 4219 permitteret,
585 4167 649 4203 cum
667 4149 699 4202 in
719 4148 837 4203 ducenis
855 4148 985 4205 versibus
1004 4153 1100 4221 μέντοι
1118 4148 1176 4203 illic
1194 4147 1246 4217 bis,
1270 4146 1318 4201 hic

101 4278 103 4285 .
165 4233 237 4291 ocios
254 4237 377 4309 legatur.

255 4327 283 4394 1)
320 4325 373 4384 cfr.
406 4326 566 4397 Stedefeld,
599 4328 643 4382 De
674 4326 821 4398 Lysandri
853 4327 1021 4382 Plutarchei
1055 4326 1192 4385 fontibus.
1240 4328 1317 4382 1867.

164 4405 199 4467 W.
215 4415 326 4484 Fricke,
346 4417 467 4484 Quellen
485 4417 641 4472 Plutarchs
660 4417 701 4471 im
720 4418 818 4471 Leben
835 4417 861 4471 d.
876 4417 978 4472 Nihias
1001 4436 1027 4471 u.
1040 4416 1216 4471 Alkibiades.
1239 4417 1316 4471 1869.
