2880 4852
680 155 898 218 ..12-

206 353 291 416 quae
313 339 430 398 narrat
453 332 591 397 affuisse
614 334 733 397 testari
756 333 877 418 potuit,
902 357 978 398 cum
1002 357 1088 419 quae
1112 358 1243 399 summa
1266 335 1376 400 libelli

206 445 266 522 est,
292 439 459 524 colloquia
483 439 525 504 de
537 439 673 505 Amoris
689 445 810 504 natura
827 445 916 505 serta
932 441 1005 528 1000
1022 441 1218 506 audivisset.
1255 443 1377 526 ltaque

135 537 137 541 Α
204 553 405 632 argumenta
429 546 667 633 chronologica
691 570 732 610 ex
754 547 922 613 Convivio
947 554 981 612 et
1005 549 1142 613 omnino
1167 570 1208 613 ex
1231 549 1377 635 dialogis

203 653 483 740 philosophorum
500 654 655 720 ducenda
669 677 738 718 non
755 677 828 718 esse
851 661 943 740 puto.
985 655 1052 732 Qui
1074 679 1154 721 vero
1179 657 1376 721 convivium

204 783 223 824 a
239 761 306 824 422
329 761 398 825 1010
414 761 570 826 habitum
586 785 659 826 esse
676 761 741 826 sibi
757 761 972 848 persuadent,
997 763 1094 848 quale
1111 786 1130 827 a
1144 764 1377 851 Xenophonte

204 873 370 953 narratur,
388 870 414 933 ii
431 869 468 933 in
481 868 652 955 duplicem
667 869 825 937 incidunt
842 869 1089 935 difficultatem.
1114 871 1268 935 Primum
1284 871 1377 935 enim

203 996 279 1038 cum
304 976 438 1040 illorum
462 977 634 1041 sententia
650 976 848 1041 Athenaeus
865 983 1006 1062 pugnat,
1033 978 1092 1063 qui
1108 977 1377 1064 Xenophontem

202 1104 230 1145 0.
254 1083 320 1147 422
353 1089 411 1147 001
446 1083 599 1148 nondum
621 1089 741 1148 natum
770 1090 829 1147 aut
854 1083 1026 1148 infantem
1057 1084 1240 1150 admodum
1269 1085 1376 1149 fuisse

203 1188 288 1253 dicit
296 1183 331 1273 1),
357 1189 446 1274 quod
470 1191 553 1275 quin
582 1191 639 1255 ille
666 1213 736 1255 non
764 1190 893 1276 primus
922 1191 988 1256 sibi
1015 1193 1230 1277 persuaserit,
1268 1192 1327 1256 sed
1356 1215 1375 1256 a

202 1297 434 1380 grammaticis
464 1297 670 1363 cautioribus
697 1297 861 1362 traditum
896 1297 1077 1383 invenerit,
1114 1299 1272 1383 equidem
1306 1321 1375 1363 non

203 1401 330 1467 dubito.
355 1404 532 1469 Nitschius
556 1404 680 1469 deinde
705 1405 734 1468 01
757 1404 1025 1491 Xenophontem
1059 1406 1239 1492 praecipue
1275 1407 1375 1470 collo·

202 1511 282 1594 quia
316 1510 407 1575 inter
441 1535 547 1577 annos
579 1513 786 1577 42201418
814 1512 931 1576 habita
959 1535 1132 1577 enarrasse
1159 1510 1376 1599 00101(0010

201 1640 270 1682 non
305 1618 404 1683 modo
445 1620 648 1684 Oonvivinm
690 1625 724 1683 et
758 1620 1030 1703 Oeconomicum,
1071 1621 1130 1685 sed
1165 1620 1269 1685 etiam
1303 1621 1375 1684 Me-

201 1747 284 1790 mor.
313 1726 331 1789 Ι
358 1727 387 1809 2,
417 1727 569 1792 29-31.
603 1728 633 1792 3.
668 1726 704 1789 Π
733 1727 763 1790 6.
797 1727 848 1792 IV
866 1729 910 1815 2.
947 1727 976 1791 3.
1014 1729 1119 1812 5-6,
1151 1730 1191 1792 11
1227 1728 1265 1791 10
1299 1729 1375 1792 illos

203 1855 310 1897 annos
345 1832 522 1898 Nitschius
561 1826 703 1917 refert),
732 1834 898 1918 quomodo
937 1833 995 1899 ille
1035 1858 1096 1921 per
1137 1835 1282 1921 triginta
1319 1836 1376 1899 vel

202 1939 428 2025 quadraginta
452 1963 557 2005 annos
580 1940 664 2004 haec
687 1941 770 2006 adeo
795 1947 911 2006 exacte
935 1942 1096 2008 memoria
1112 1943 1260 2007 retinere
1276 1950 1375 2027 potu-

201 2047 274 2130 erit,
300 2068 368 2111 non
393 2043 697 2134 0000101110000
722 2048 889 2132 colloquia
911 2050 1066 2136 plurima,
1094 2050 1216 2134 quibus
1242 2050 1376 2113 seilicet

200 2153 403 2240 Xenophon¹
420 2155 588 2238 interfuit,
614 2155 650 2219 in
668 2163 852 2220 extremam
870 2156 1018 2221 Socratis
1034 2163 1181 2221 aetatem
1197 2156 1376 2220 referenda

200 2283 331 2326 censeo.
355 2263 463 2326 Nemo
481 2263 573 2326 enim
590 2285 628 2326 ea
645 2286 730 2348 quae
747 2255 920 2329 Socratem
937 2263 1170 2349 disputantem
1187 2264 1374 2348 audiverat,

198 2369 316 2445 0101110
341 2369 608 2455 aXenophonte
631 2370 756 2434 litteris
777 2370 936 2435 mandata
959 2393 1031 2435 0000
1056 2371 1122 2435 sibi
1146 2371 1373 2457 persuadebit.

306 2477 457 2541 Nitschii
491 2477 599 2563 igitur
634 2477 840 2560 sententiae,
880 2478 939 2564 qui
976 2478 1246 2564 Xenophontem
1285 2479 1376 2542 inter

200 2605 228 2647 0.
253 2583 319 2648 442
343 2589 377 2647 et
389 2584 455 2647 436
463 2579 487 2663 2)
511 2591 631 2649 natum
654 2608 728 2650 0000
752 2586 935 2670 existimat,
961 2585 1121 2660 assentiri
1144 2608 1213 2651 non
1236 2608 1376 2671 possum

114 2682 116 2692 ’
201 2696 235 2753 01
259 2690 332 2755 0100
357 2697 503 2756 00101010
528 2715 569 2757 ex
584 2691 737 2757 Anabasi
753 2693 866 2779 potius
884 2715 985 2778 quam
1001 2716 1043 2757 ex
1060 2692 1230 2758 Oonvivio
1254 2700 1288 2757 et
1303 2693 1375 2756 Me·

199 2798 419 2863 morabilibus
444 2800 717 2864 constituendam
741 2822 814 2863 esse
838 2807 931 2886 puto.

306 2906 573 2992 Xenophontem
597 2907 688 2971 enim
713 2930 790 2971 cum
812 2913 929 2972 contra
944 2907 1169 2972 Artaxerxem
1191 2930 1268 2985 cum
1285 2908 1375 2992 Cyro

187 3165 258 3224 ‘qua
276 3153 426 3224 provincia
444 3154 583 3209 Brasidae
601 3154 765 3209 incursione
783 3153 976 3208 Athenienses
994 3153 1102 3224 privati
1121 3160 1197 3223 0001,
1226 3172 1319 3223 neque
1338 3173 1374 3207 ex

200 3245 236 3298 iis
254 3245 347 3314 terris,
376 3262 449 3316 quae
473 3244 504 3298 in
527 3244 591 3316 ipsa
614 3244 714 3297 Attica
736 3242 809 3297 01100
833 3247 925 3310 01001,
954 3241 1124 3297 Charmides
1148 3261 1173 3297 0.
1192 3244 1245 3295 422
1264 3242 1377 3296 fructus

204 3334 350 3406 percipere
377 3333 481 3404 potuit,
509 3334 533 3387 01
556 3351 615 3388 000
638 3350 724 3404 agros
748 3330 961 3401 frumentarios,
982 3331 1030 3402 qui
1048 3331 1190 3385 10411100
1208 3331 1267 3384 rari
1285 3337 1376 3400 erant,

202 3424 252 3478 sed
281 3422 388 3477 oliveta
411 3422 552 3494 ficetaque
577 3421 750 3494 possidebat.
792 3423 869 3477 Nam
895 3441 961 3477 cum
979 3419 1200 3476 Lacedaemonii
1227 3420 1377 3475 arboribus

204 3515 337 3570 omnibus
356 3513 459 3568 decisis
478 3512 608 3566 Atticam
626 3528 716 3581 usque
735 3510 771 3564 ad
790 3530 815 3565 0.
834 3511 888 3565 425
907 3509 1111 3579 0001001000111,
1135 3509 1242 3566 0110010
1264 3511 1377 3565 etiamsi

206 3603 270 3675 quis
290 3604 390 3658 statim
409 3602 563 3656 inserenda
582 3600 702 3668 curavit,
731 3619 757 3653 a.
774 3601 828 3654 422
847 3602 959 3655 fructus
978 3586 1050 3654 dare¹
1065 3600 1194 3655 nondum
1213 3606 1378 3671 potuerunt.

205 3693 277 3760 Quis
296 3697 394 3747 eutem
412 3691 543 3762 pomaria
561 3689 672 3758 inserit,
701 3707 774 3758 quae
792 3690 923 3760 proximo
942 3708 1018 3744 anno
1038 3688 1074 3743 ab
1095 3691 1225 3744 hostibus
1251 3690 1378 3745 deletum

203 3782 239 3836 iri
257 3780 438 3854 suspicetur?

310 3873 336 3939 1)
373 3871 479 3925 Athen.
493 3869 528 3924 V.
541 3870 594 3922 216
607 3866 639 3922 d:
660 3867 790 3938 Ξενοφῶν
810 3861 971 3922 ὑποτίθεται
989 3861 1039 3920 σὺν
1052 3873 1109 3926 τοῖς
1123 3859 1214 3926 tirou
1227 3863 1377 3940 δαιτυμόσι

203 3954 326 4030 παρόντα
338 3952 428 4024 αὑτὸν,
439 3952 487 4012 τὸν
500 3963 565 4016 ἴσως
577 3957 649 4030 μηδὲ
663 3962 829 4027 γεννηθέντα
842 3951 932 4029 tinent
942 3951 1076 4024 παιδικὴν
1088 3951 1197 4024 ἡλικίαν
1210 3951 1377 4029 ὑπάρχοντα.

311 4051 341 4116 2)
377 4049 445 4121 1000
469 4069 493 4104 0.
518 4049 572 4102 440
594 4046 820 4116 Xenophontem
847 4053 949 4102 0010111
977 4065 1039 4102 0000
1068 4047 1129 4119 1000
1154 4047 1290 4101 Nischius
1317 4067 1376 4102 non

202 4138 259 4192 11101
279 4137 381 4194 Cobeti
404 4138 577 4207 coniectura,
607 4136 656 4207 qui
679 4135 765 4190 Mem.
785 4136 800 4190 I
818 4137 844 4205 3,
869 4139 886 4190 6
905 4142 934 4191 01
954 4138 987 4190 10
1006 4156 1057 4208 pro
1073 4130 1246 4202 Ἀλκιβιάδου
1267 4131 1326 4187 υἱόν
1346 4170 1377 4176 -

201 4222 324 4297 Ἀξιόχου
339 4223 398 4279 υἱόν
408 4227 591 4283 scribendum
603 4230 696 4300 putat,
707 4225 844 4281 defendit.
874 4227 966 4295 Quam
980 4226 1175 4283 coniecturam
1188 4227 1379 4282 necessariam

71 4333 181 4528 ἱ
208 4318 367 4383 00011000.
