2880 4852
634 229 853 296 ..64-

65 421 66 424 ’
158 407 333 493 scriberet,
370 408 565 495 Xenophon
599 409 742 474 fortasse
775 410 982 496 Sophaeneti
1018 409 1106 476 libro
1145 417 1311 478 commotus

158 523 223 599 est,
250 517 308 601 qui
324 516 496 612 ¹Stephano
512 517 657 601 Byzant.
678 522 766 582 teste
788 518 871 602 Oyri
892 517 1145 604 expeditionem
1161 520 1312 585 enarravit

27 667 31 680 .
159 621 378 707 (Mueller.
403 623 447 686 H.
473 624 514 688 ο.
538 621 663 701 1114).

265 731 396 813 Restat,
420 735 460 794 ut
482 729 651 795 Anabasis
675 753 719 795 an
731 731 986 797 Hellenicorum
1010 733 1115 797 altera
1137 755 1216 818 pars
1234 732 1311 819 prius

162 837 353 923 conscripta
380 859 454 901 esse
477 837 650 922 videatur,
685 837 836 903 breviter
871 837 1085 904 disseramus.
1134 839 1208 916 Qua
1234 840 1312 903 inre

157 944 305 1030 primum
334 943 376 1008 de
399 944 442 1009 iis
466 943 648 1008 dicendum
672 952 733 1027 est,
760 967 844 1029 quae
867 945 958 1010 Hell.
982 945 1037 1010 1Π
1062 947 1090 1030 1,
1114 947 1136 1010 2
1159 947 1310 1032 leguntur,

158 1050 218 1117 ubi
240 1051 436 1138 Xenophon
464 1050 506 1115 de
530 1051 614 1136 Cyri
642 1051 856 1137 expeditione
884 1074 955 1118 non
981 1052 1090 1138 ipsius
1116 1053 1241 1118 librum
1264 1051 1312 1117 sed

158 1157 433 1242 Themistogenis
448 1157 637 1223 Anabasim
656 1157 773 1223 laudat
795 1157 849 1223 his
865 1157 993 1224 verbis:
1019 1142 1063 1232 ὧς
1078 1153 1138 1238 μὲν
1155 1142 1210 1221 οὖν
1224 1159 1313 1243 Κῦρος

159 1256 344 1348 ονροὶνεομοὲ
366 1285 401 1326 τε
425 1258 568 1338 συνέλεξε
591 1259 648 1325 καὶ
671 1265 758 1326 νοῦν
784 1256 864 1342 ἔχων
887 1254 986 1349 ἀνέβη
1016 1258 1076 1325 ἐπὶ
1103 1257 1161 1326 τὸν
1189 1255 1312 1350 ἀδελφὸν

64 1392 66 1397 ·
159 1366 215 1432 καὶ
240 1360 284 1445 ὡς
307 1360 431 1456 ἡμάχη
455 1365 652 1452 ἐγένετοκαὶ
674 1360 718 1445 ὡς
734 1360 888 1432 ἀπέθανε
910 1365 967 1432 καὶ
992 1360 1037 1445 ὡς
1053 1366 1089 1432 ἐκ
1104 1364 1222 1434 τούτου
1243 1362 1311 1433 ἀπε-

160 1470 319 1563 σώθησαν
350 1469 380 1539 oi
406 1467 556 1563 Ἕλληνες
584 1472 644 1538 ἐπὶ
672 1470 859 1554 θάλατταν,
887 1473 1116 1560 Θεμιστογένει
1141 1470 1310 1563 Συρακοσίῳ

159 1580 352 1669 γέγραπται.
397 1585 490 1663 Quae
514 1585 653 1670 quidem
677 1603 759 1650 erun
783 1586 866 1651 adeo
890 1586 1093 1672 interpretes
1117 1587 1261 1670 vexavit,
1281 1588 1309 1648 ut

157 1692 316 1777 Licnius,
359 1692 417 1777 qui
455 1691 642 1757 Anabasim
681 1692 791 1757 edidit
827 1716 856 1757 a.
889 1694 987 1777 1822,
1029 1694 1140 1758 locum
1178 1693 1310 1780 spurium

159 1799 288 1864 diceret
311 1796 357 1886 (p.
381 1797 515 1883 XVH);
541 1799 631 1884 quod
655 1822 732 1864 cum
755 1800 813 1863 ille
837 1800 1048 1884 argumentis
1069 1800 1152 1865 satis
1168 1799 1310 1886 gravibus

158 1906 299 1993 probare
326 1929 396 1971 non
423 1907 586 1992 potuerit,
624 1905 706 1990 quid
738 1905 831 1970 aliud
858 1906 922 1971 hoc
950 1907 1024 1971 loco
1052 1905 1246 1972 faciendum
1271 1906 1309 1988 sit,

159 2014 345 2078 videamus.
377 2013 492 2098 Atque
514 2014 600 2078 Dav.
618 2012 814 2077 Schulzium
831 2013 968 2097 quidem
988 2009 1197 2100 ((Jyropaed.¹
1208 2014 1309 2101 epilog.

158 2143 192 2206 p.
216 2119 271 2197 29)
295 2121 579 2206 Kruegerumque
603 2119 697 2199 (Vita
719 2119 806 2184 Xen.
831 2143 862 2205 p.
889 2116 954 2203 14),
980 2120 1039 2204 qui
1073 2121 1212 2209 omnino
1243 2119 1310 2185 The·

160 2227 387 2312 mistogenem
423 2249 463 2291 ex
499 2226 701 2312 scriptorum
734 2249 875 2291 numero
911 2231 1106 2312 exemptum
1140 2229 1311 2306 voluerunt,

158 2356 316 2400 necnon
338 2333 578 2420 Niebuhrium,
615 2333 674 2418 qui
698 2334 998 2420 Themistogenem
1021 2343 1241 2420 personatum
1261 2333 1309 2398 Xe

159 2442 368 2528 nophontem
392 2441 477 2507 dicit
501 2443 599 2522 (Mus.
624 2441 690 2505 Rh.
714 2442 828 2524 11693
853 2442 983 2508 Vorles.
1008 2442 1092 2506 iiber
1115 2443 1183 2506 alte
1208 2437 1309 2507 Gesch.

158 2549 194 2614 H
208 2550 237 2633 2,
261 2548 328 2633 43),
352 2548 473 2613 missos
497 2547 608 2613 facere
631 2571 818 2634 possumus,
843 2570 1012 2613 cumeum
1030 2556 1310 2635 rerumgestarum

159 2655 358 2741 scriptorem
393 2653 499 2719 fuisse
533 2655 729 2740 Hesychius
764 2661 923 2741 testetur,
959 2656 1019 2741 qui
1053 2655 1095 2721 ab
1130 2677 1170 2720 ec
1198 2660 1310 2742 praeter

158 2762 346 2827 Anabasim
359 2784 443 2847 quae
456 2749 693 2849 Xenophontis
704 2762 843 2827 nomine
859 2760 998 2849 feratur,
1014 2762 1056 2827 de
1072 2763 1184 2848 patria
1200 2779 1310 2848 quoque

112 2933 114 2936 .
159 2869 336 2954 Syracusis
359 2870 463 2936 libros
488 2870 690 2956 compositos
719 2892 791 2934 esse
820 2870 925 2934 tradit
933 2864 969 2952 ¹).
1020 2870 1139 2955 Neque
1170 2870 1311 2934 maiorem

157 2976 417 3042 Bornemannus
441 2999 615 3042 assensum
644 2977 738 3060 tulit,
775 2977 833 3061 qui
857 2977 916 3041 ilia
939 2976 1043 3041 verba
1065 2977 1115 3041 ita
1137 2977 1255 3058 vertit,
1284 2975 1312 3036 ut

159 3082 436 3170 Themistogenis
462 3085 499 3148 in
515 3107 613 3149 usum
625 3083 811 3149 Anabasim
833 3107 852 3148 a
867 3084 1094 3171 Xenophonte
1112 3082 1314 3169 compositam

159 3213 235 3255 esse
259 3191 387 3256 diceret
410 3192 558 3278 (Epilog.
573 3192 696 3277 Oyrop.
713 3214 745 3276 p.
763 3187 831 3275 47),
855 3213 965 3275 neque
978 3196 1129 3255 nostram
1144 3188 1316 3256 Anabasin

157 3298 396 3384 Xenophontis
429 3321 512 3384 opus
537 3321 610 3363 esse
632 3297 773 3384 probare
797 3297 967 3384 oportebit
1002 3295 1074 3378 (cir.
1099 3298 1247 3383 Kruger,
1284 3292 1316 3358 de

158 3405 335 3470 authentia
359 3410 394 3469 et
417 3405 617 3489 integritate
640 3403 859 3483 Anabaseos).
892 3405 1013 3489 Itaque
1036 3404 1127 3468 inter
1151 3404 1234 3469 duas
1254 3425 1316 3475 sen·

157 3513 284 3577 tentias
308 3511 438 3598 ambigi
460 3517 588 3598 potest:
624 3519 682 3577 aut
711 3512 803 3576 enim
827 3511 1108 3596 Themistogenes
1138 3533 1270 3597 quoque
1289 3527 1316 3574 u‘

158 3619 348 3705 Xenophon
372 3619 671 3704 Sophaenetusque
695 3617 883 3683 Anabasim
907 3618 1105 3709 composuit,
1137 3624 1196 3682 aut
1223 3617 1316 3704 ipsiu=

158 3724 283 3789 librum
317 3725 509 3811 Xenophon
543 3726 607 3791 hoc
646 3726 720 3791 loco
756 3724 1014 3811 Themistogeni
1048 3723 1179 3790 tribuit.
1218 3725 1314 3810 Atqu

162 3831 463 3917 Themistogenem
475 3833 682 3917 Anabaseos,
707 3855 792 3918 quae
808 3839 998 3919 temporum
1015 3831 1199 3917 iniquitate
1215 3827 1316 3898 interi

158 3938 255 4019 isset,
294 3945 465 4004 auctorem
500 3938 605 4023 tuisse
641 3947 675 4004 et
697 3940 904 4005 Letronnius
933 3936 1316 4019 (Β11)1.1111111.111388

247 4201 274 4273 l)
294 4202 398 4258 Suidas
407 4221 428 4258 s.
440 4221 481 4261 v.:
495 4207 696 4275 Θεμιστογένης
706 4197 897 4275 Συρακούσιος
908 4196 1052 4275 ἱστορικός.
1072 4196 1169 4274 Κύρου
1178 4193 1316 4271 inducre

157 4283 216 4360 ἥτις
234 4294 264 4351 ἐν
282 4297 339 4351 τοῖς
371 4291 547 4362 Ξενοφῶντος
560 4297 673 4364 φέρεται
691 4297 738 4345 καὶ
757 4283 903 4345 ἄλλοντινὰ
923 4298 987 4363 περὶ
1008 4291 1054 4359 τῆς
1071 4291 1171 4346 ἑαυτοῦ
1189 4292 1316 4365 πατρίδα

157 4383 209 4464 cfr,
229 4384 262 4437 A.
283 4402 309 4438 v.
330 4383 502 4438 Gutschmid
520 4383 658 4454 (Hesych.
679 4384 890 4439 ed.F1ach..s.
911 4402 937 4438 v.
961 4382 1180 4454 Θεμιστογένης).
