2880 4852
620 82 838 145 ...71-

156 257 304 345 Olympia
331 257 514 342 habitaret,
553 282 618 344 quo
650 282 691 323 ex
719 259 812 324 omni
842 258 985 325 Graecia
1013 257 1192 344 spectandi
1215 280 1315 322 causa

99 414 101 420 .
150 361 297 430 homines
322 371 565 431 convenerunt.
616 367 664 431 Et
698 388 774 430 cum
808 366 998 451 Polycratis
1034 364 1314 430 declamationem

147 470 292 539 00116116
317 472 606 557 Schenkeliusque
630 473 666 537 in
689 495 824 537 recessu
848 473 1027 539 Scilluntio
1047 471 1313 558 aXeriophonte

139 576 265 646 lectam
289 603 362 645 esse
386 587 554 665 censeant,
580 603 639 645 cur
666 581 749 645 alios
778 580 926 664 libellos,
963 581 1094 644 litteras
1130 579 1314 644 amicorum

134 682 415 771 Atheniensium,
438 687 578 752 nuntios
603 686 646 751 ad
669 688 766 752 illum
788 687 986 774 pervenisse
1008 687 1220 772 negaverint,
1244 709 1314 751 non

131 777 359 880 perspicuum
386 800 446 859 est.
498 793 654 878 Accedit,
692 794 782 879 quod
818 817 895 860 curn
929 794 1037 881 ipsius
1071 792 1313 879 Xenophontis

128 900 255 966 verbis
280 901 415 966 illorum
439 901 609 966 sententia
631 908 777 988 pugnat,
802 902 861 987 qui
885 902 1030 967 aliorum
1053 900 1095 965 de
1119 900 1255 964 Socrate
1268 895 1314 963 'et

128 1000 246 1073 libros
282 1015 316 1072 et
351 1030 521 1096 sermones
557 1015 797 1074 commemorat
834 1007 946 1089 (Mem.
980 1010 998 1073 I
1026 1008 1062 1092 4,
1093 1009 1127 1071 1:
1164 995 1208 1080 ὡς
1231 997 1313 1066 ἔνιοι

128 1107 304 1200 γράφουσί
317 1135 351 1176 τε
363 1108 419 1175 καὶ
431 1109 560 1196 λέγουσι
575 1109 651 1199 περὶ
669 1106 877 1199 Σ(οκράτονς;
893 1115 953 1181 cfr.
966 1116 1017 1181 IV
1030 1116 1059 1200 3,
1074 1113 1119 1197 2).
1134 1149 1175 1159 —-
1190 1115 1313 1178 Restat

129 1217 261 1307 igitur,
294 1228 334 1287 ut
363 1221 405 1287 de
428 1223 520 1287 illius
545 1223 666 1308 capitis
689 1223 911 1310 paragraphis
935 1224 977 1288 26
1002 1228 1037 1286 61
1060 1223 1102 1286 29
1125 1244 1232 1308 pauca
1255 1219 1313 1285 ad-

132 1326 271 1413 (1611116,
297 1329 419 1414 quibus
443 1352 577 1394 omnem
600 1329 688 1394 hanc
711 1330 807 1394 litem
828 1330 943 1394 dirimi
958 1328 1157 1399 Dindorfius
1180 1327 1313 1393 censuit

131 1431 162 1501 l.
179 1437 201 1501 l.
241 1436 313 1503 Ubi
328 1459 405 1500 cum
430 1436 471 1501 de
495 1443 690 1502 accusatore
713 1459 818 1521 agens
841 1436 1012 1524 praesenti
1028 1442 1179 1522 tempore
1195 1437 1312 1500 Xeno·

134 1544 232 1630 phon
261 1538 423 1628 utaturl),
460 1544 512 1609 illi
545 1542 625 1608 inde
655 1544 814 1628 colligere
844 1544 1040 1627 voluerunt,
1078 1544 1110 1607 61
1144 1542 1200 1608 hic
1236 1565 1313 1607 cum

135 1648 237 1735 libro,
262 1672 333 1715 non
357 1673 434 1715 cum
457 1651 608 1715 oratione
632 1650 722 1737 apud
745 1650 874 1715 iudices
897 1650 1015 1715 habita
1037 1672 1109 1714 rem
1132 1673 1215 1715 esse.
1264 1648 1313 1714 At

142 1758 216 1842 quis
237 1757 387 1843 ‘scriptor
409 1758 617 1822 incalescens
644 1759 837 1844 praesentia
863 1780 935 1822 non
962 1758 1061 1842 dicit,
1098 1779 1183 1842 quae
1217 1779 1312 1843 prae·

142 1865 242 1928 terita
277 1864 379 1928 sunt?
446 1864 556 1941 Quare
592 1888 633 1929 ex
667 1865 721 1929 his
756 1871 994 1951 argumentum
1029 1864 1072 1929 ad
1107 1846 1313 1929 sententiam

143 1971 277 2036 illorum
301 1969 565 2036 confirmandam
589 1971 668 2037 duci
689 1993 788 2059 posse
816 1994 915 2058 nego.
973 1973 1082 2037 Immo
1118 1972 1177 2057 qui
1209 1972 1311 2056 Poly-

144 2085 266 2142 cratem
289 2077 501 2143 intelleotum
523 2080 653 2163 volunt,
677 2101 746 2144 non
762 2087 905 2164 possunt
920 2102 990 2144 non
1012 2068 1311 2166 11101111ηὸκοτή-

145 2204 234 2269 γορος
257 2185 367 2249 sexies
391 2186 559 2272 corrigere
583 2178 666 2270 φησί
689 2186 761 2267 (cfr.
785 2186 1014 2251 Breitenbach
1036 2188 1057 2251 l.
1082 2187 1104 2251 1.
1128 2210 1159 2272 p.
1185 2183 1274 2269 813).

248 2293 397 2358 Omnino
432 2300 546 2358 autem
576 2292 722 2358 Cobetus
761 2292 1052 2379 Schenkeliusque
1086 2294 1162 2379 plus
1198 2292 1312 2358 debito

147 2397 271 2465 duobus
296 2399 365 2463 illis
388 2400 579 2485 Polycratis
603 2400 803 2486 fragmentis
827 2399 987 2465 tribuisse
1010 2399 1181 2466 videntur.
1219 2400 1312 2478 Quae

148 2505 232 2570 enim
250 2506 382 2597 Socrati
399 2507 536 2571 crimini
552 2506 657 2592 daret,
680 2531 718 2572 ea
736 2509 853 2587 abillo
870 2509 970 2594 plane
986 2506 1066 2572 ficta
1082 2529 1155 2572 esse
1172 2507 1312 2589 minime

149 2613 317 2698 probabile
341 2619 402 2698 est,
426 2614 486 2679 sed
511 2637 595 2699 quae
611 2615 652 2680 ab
669 2614 920 2680 accusatoribus
937 2613 1069 2679 obiecta
1084 2637 1145 2701 per
1160 2615 1313 2679 omnium

149 2741 199 2785 ora
221 2719 407 2805 ferrentur,
439 2742 477 2785 ea
500 2720 673 2787 rhetorum
696 2744 787 2786 more
812 2745 913 2809 supra
935 2744 1054 2786 verum
1078 2723 1166 2786 elata
1188 2722 1312 2808 repeti-

150 2827 233 2892 visse
270 2827 418 2892 videtur.
466 2828 558 2906 Quae
593 2852 669 2894 cum
703 2828 927 2916 Xenophonti
961 2851 1093 2913 quoque
1127 2828 1313 2893 refellenda

151 2940 269 3018 essent,
306 2957 375 2999 non
412 2935 536 2999 mirum
571 2942 636 3021 est,
673 2937 762 3022 quod
791 2936 917 3002 similia
944 2935 1116 3001 interdum
1146 2943 1247 3022 atque
1275 2937 1313 3001 in

150 3039 331 3126 Polycratis
355 3043 568 3107 accusatione
592 3043 629 3107 in
651 3044 928 3109 Memorabilibus
950 3044 1121 3128 leguntur.

247 3149 316 3214 Sed
338 3172 381 3213 116
406 3150 534 3214 diutius
562 3150 631 3215 iarn
658 3150 696 3214 in
722 3174 773 3235 re,
799 3174 883 3236 quae
908 3151 950 3215 ad
979 3151 1212 3236 quaestionem
1235 3173 1312 3238 pro-

153 3255 289 3336 positam
312 3278 381 3321 non
404 3279 540 3343 prorsus
556 3257 715 3345 pertinet,
741 3264 964 3331 commoratus
982 3257 1046 3321 sim
1062 3280 1189 3322 vereor.
1224 3259 1313 3322 Nam

154 3365 185 3424 ut
214 3363 480 3448 Xenophontem
512 3364 703 3450 Polycratis
738 3364 912 3430 refutandi
947 3387 1047 3429 causa
1080 3364 1312 3429 Memorabilia

156 3470 368 3553 composuisse
392 3470 565 3555 faciamus,
590 3477 706 3553 tamen
721 3472 764 3536 ad
781 3479 927 3537 aetatem
943 3471 1023 3537 libri
1039 3470 1313 3536 constituendam
1410 3542 1416 3553 ,

156 3590 212 3638 non
233 3577 377 3641 multum
400 3577 607 3663 proficimus,
632 3601 707 3642 cum
731 3579 902 3644 intereos
926 3579 1033 3664 111606,
1058 3578 1117 3664 (111
1139 3578 1222 3642 haec
1246 3577 1313 3642 sibi

215 3785 241 3856 1)
260 3787 321 3856 §26
340 3787 398 3842 εἶτα
418 3792 443 3840 εἰ
455 3792 508 3859 μέν
520 3808 545 3840 τι
559 3787 685 3859 [Κριτίας
698 3793 744 3840 καὶ
753 3783 933 3862 Ἀλκιβιάδης]
951 3783 1202 3862 ἐπλημμελησάτην,
1216 3783 1313 3841 τούτου

159 3870 293 3944 Σωκράτην
311 3869 326 3928 ὁ
346 3870 496 3947 κατήγορος
516 3876 650 3941 nltimam
678 3869 719 3930 ὅτι
739 3878 770 3931 di
789 3882 841 3931 νέω
870 3869 929 3932 ὅντε
959 3872 1031 3932 αὐτά
1052 3923 1057 3931 .
1079 3921 1084 3932 .
1106 3921 1111 3931 .
1133 3921 1137 3931 .
1167 3872 1313 3948 Σωκράτης

158 3967 261 4033 παρέσχε
289 3959 424 4036 σώφρονε,
454 3960 568 4024 οὐδενὸς
596 3969 711 4019 ἐπαίνου
739 3967 819 4021 dorsi
846 3968 883 4036 τῷ
906 3963 1048 4040 κατηγόρῳ
1073 3959 1149 4028 άξιον
1167 3966 1253 4029 εἶναις
1276 3968 1311 4022 28

157 4045 252 4106 Missis
270 4048 319 4107 οὖν
337 4055 515 4122 decoloratis
533 4050 583 4108 οὐκ
602 4048 713 4121 ἐνούσης
733 4051 806 4125 αὐτῷ
825 4064 922 4116 κακίας
941 4064 1033 4110 αἰτίαν
1052 4058 1125 4126 ilem
1155 4058 1190 4110 29
1210 4049 1265 4108 tir
1286 4062 1311 4110 εἰ

157 4140 194 4188 καὶ
211 4135 288 4202 αὐτὸς
306 4143 395 4214 μηδὲν
419 4138 539 4216 πονηρὸν
563 4144 651 4197 ποιῶν
671 4148 791 4204 ἐκείνους
810 4146 904 4217 ηαῡλα
924 4141 1090 4217 πράττοντας
1110 4138 1181 4216 ὁρῶν
1208 4140 1309 4218 ἐπῄνει,

148 4219 255 4290 ,δικαίως
275 4224 308 4283 ἂν
327 4232 485 4304 ἐπιτιμῷτο.
