2880 4852
627 227 847 290 ..74-

150 394 296 479 ἆξύνεῑοι
325 397 488 486 γίγνονται
517 393 696 487 ἅνθρωποι
720 401 913 491 (Hippolyt.
939 403 1054 468 Refut.
1080 425 1169 468 omn.
1195 403 1323 477 haeres,

149 512 201 576 IX
229 512 260 595 9,
289 514 355 576 280
380 511 490 591 Mill).
538 512 632 589 Quae
672 510 818 577 editores
857 511 995 597 quidem
1033 510 1116 576 adeo
1153 510 1220 576 sibi
1251 533 1321 596 per-

150 618 290 684 suadere
335 640 406 684 non
450 625 654 704 potuerunt,
716 627 755 685 ut
805 626 840 683 et
890 618 1083 684 Boeckhius
1137 617 1316 699 (Philolaus

149 749 183 814 p.
229 726 272 790 45
319 722 382 811 sq.)
434 733 468 790 et
515 726 717 792 Schusterus
768 723 945 809 (Heraclit.
998 724 1075 790 Act.
1127 747 1193 790 soc.
1240 724 1311 811 phil.

149 833 244 918 Lips.
288 834 373 898 1873
408 856 440 919 p.
477 832 534 915 bl)
568 833 628 898 illa
669 833 862 920 fragmenta
901 856 982 898 vera
1020 833 1184 898 librorum
1223 832 1310 901 initia

151 962 224 1005 esse
266 946 433 1026 negantes
481 941 547 1005 alio
591 941 664 1007 loco
704 964 742 1006 ea
781 940 975 1006 collocanda
1017 963 1089 1005 esse
1136 949 1306 1008 censerent.

151 1047 250 1124 Quod
283 1048 321 1112 in
354 1047 528 1127 Heraclito
564 1054 655 1113 certe
693 1047 768 1112 fieri
806 1071 876 1113 non
903 1054 1030 1135 potest,
1077 1070 1154 1112 cum
1192 1046 1305 1114 Aristo·

149 1156 234 1220 teles
258 1177 390 1240 quoque
414 1155 566 1235 (Rhetor.
590 1155 686 1220 1115
710 1178 742 1241 p.
770 1157 854 1220 1407
878 1155 910 1221 b.
937 1156 992 1240 14)
1028 1155 1217 1240 Sextusque
1238 1156 1303 1219 Em·

149 1262 276 1348 piricus
300 1259 390 1346 (adv.
414 1263 573 1327 mathem.
598 1263 666 1328 VH
692 1262 767 1342 132)
801 1263 845 1327 iis
876 1262 990 1328 verbis
1017 1261 1143 1327 librum
1171 1261 1300 1347 coepisse
1331 1258 1335 1323 l

151 1375 330 1434 testentur.
377 1371 497 1454 ltaque
520 1375 591 1434 tam
618 1369 812 1435 inauditum
840 1392 940 1455 quam
965 1368 1188 1436 Schenkelins
1214 1373 1300 1454 putat,

149 1499 220 1541 non
242 1475 349 1541 fuisse
371 1476 524 1560 videtur,
560 1477 622 1541 tali
655 1477 827 1563 prooemio
861 1478 899 1541 in
932 1477 1061 1541 medias
1089 1499 1143 1540 res
1166 1476 1297 1541 transire.

151 1582 219 1649 Sed
242 1583 380 1649 omnino
405 1606 482 1648 eum
499 1584 715 1649 Oeconomici
739 1590 773 1648 et
790 1585 962 1670 Symposii
982 1584 1165 1670 prooemiis
1188 1589 1298 1649 tantun

150 1691 362 1756 auctoritatis
386 1691 546 1756 tribuisse
569 1692 695 1756 mirum
718 1697 780 1776 est,
795 1692 863 1776 ‹qui
886 1691 1039 1756 omnium
1062 1690 1134 1756 fere
1157 1691 1298 1755 Memora-

151 1797 273 1863 bilium
297 1797 461 1863 librorum
484 1799 654 1884 prooemia
678 1797 869 1863 adulterina
893 1805 927 1862 et
943 1799 984 1863 ab
1002 1799 1237 1884 interpolatore
1256 1795 1297 1861 ad·

152 1904 225 1970 dita
249 1927 322 1970 esse
346 1905 520 1970 existimat
543 1903 617 1989 (cfr.
642 1906 801 1972 Schenkl.
826 1907 848 1970 l.
865 1907 888 1970 1.
912 1928 944 1991 p.
972 1906 1045 1971 118.
1072 1907 1135 1970 123
1160 1922 1208 1990 sq,
1232 1897 1320 1984 144),

149 2012 274 2078 Nerine
297 2012 432 2078 illorum
456 2035 590 2098 quoque
613 2014 777 2078 librorum
800 2014 909 2100 prima
937 2013 1041 2078 verba
1076 2014 1106 2077 si
1140 2036 1209 2077 non
1239 2008 1297 2076 addi

153 2125 189 2184 11
211 2120 387 2185 retractari
411 2126 445 2184 et
468 2121 594 2185 mutari
616 2126 801 2208 potuerunt
824 2145 844 2186 1
867 2121 1099 2207 grammatico²
1129 2121 1188 2205 qui
1209 2119 1296 2183 Xeno

152 2226 290 2312 phontis
337 2226 491 2312 dialogos
526 2228 713 2294 Socraticos
759 2251 826 2292 uno
867 2250 1004 2314 corpore
1049 2229 1155 2292 lectos
1193 2221 1295 2306 voluit?

151 2334 271 2419 Itaque
294 2334 355 2399 vix
378 2335 557 2421 quisquam
581 2338 657 2400 cum
681 2335 885 2401 Schenkelio
910 2334 1110 2418 consentiet,
1145 2334 1214 2398 nisi
1242 2352 1295 2416 gn·

149 2441 246 2507 viora
269 2450 468 2526 argumenta
491 2441 535 2506 ad
554 2442 760 2507 sententiam
785 2443 856 2507 eius
884 2441 1092 2529 probandam
1121 2441 1293 2517 afferuntur

152 2570 257 2613 exea
279 2571 359 2613 vero
382 2532 429 2634 11,
458 2549 548 2633 quod
572 2556 606 2613 et
635 2550 693 2614 ille
718 2557 752 2615 11
767 2550 919 2634 Langius
928 2544 953 2632 ¹)
977 2549 1136 2613 ultimum
1159 2549 1294 2613 Memora

149 2653 271 2720 bilium
296 2661 397 2743 caput
425 2655 637 2720 subditivum
664 2663 801 2742 putant,
836 2656 925 2721 nihil
960 2656 1153 2743 proficiunt.
1200 2655 1294 2732 Quam·

152 2785 254 2847 quam
279 2762 371 2827 enim
394 2762 477 2826 haec
501 2763 569 2848 illa,
595 2786 679 2848 quae
703 2764 740 2827 in
765 2786 803 2827 eo
827 2764 937 2848 capite
960 2765 1137 2850 leguntur,
1163 2758 1293 2848 suspicio

153 2890 233 2934 nem
256 2876 396 2934 movent
420 2855 600 2957 (imprimis
624 2873 643 2948 ξ
667 2870 697 2954 3,
728 2893 829 2955 quam
852 2870 1031 2935 delendam
1055 2893 1128 2935 esse
1152 2860 1293 2945 concedo),

150 2983 267 3042 tamen
301 2976 344 3041 ad
371 2977 510 3042 ultimae
538 2973 776 3063 paragraphi2)
800 2979 1035 3043 auctoritatem
1070 2973 1294 3063 infringendam

150 3084 239 3148 nihil
270 3106 375 3169 grave
403 3083 455 3147 illi
484 3085 672 3149 attulerunt
701 3073 864 3165 (Schenkl
886 3109 919 3172 p.
946 3085 1024 3168 1433
1058 3087 1178 3171 Lange
1200 3108 1229 3171 p.
1247 3075 1294 3155 43).

155 3191 248 3269 Quae
266 3191 296 3256 si
312 3214 332 3256 1
347 3191 573 3278 Xenophonte
597 3192 723 3278 scripta
747 3199 812 3276 est,
842 3192 1076 3258 Memorabilia
1100 3193 1229 3279 epilogo
1247 3203 1296 3280 non

152 3306 283 3384 carent,
320 3299 380 3364 sed
414 3299 542 3386 optime
577 3300 838 3385 concluduntur,
874 3323 950 3365 cum
975 3300 1168 3386 Xenophon
1199 3311 1294 3371 eorum,

152 3429 237 3492 quae
260 3429 322 3493 per
344 3406 469 3471 librum
493 3407 667 3494 disputata
691 3414 779 3492 sunt,
805 3430 970 3472 summam
994 3406 1097 3471 faciat
1119 3406 1173 3472 his
1195 3397 1293 3472 verbis:

155 3507 229 3592 ἐμοὶ
263 3508 323 3592 μὲν
357 3507 397 3599 dr}
432 3514 582 3588 τοιοῦτος
612 3503 657 3575 dv
686 3502 756 3575 οἷον
790 3507 852 3596 ἐγώ
886 3505 1058 3599 διήγημαι,
1100 3503 1228 3598 εὐσεβὴς
1251 3495 1293 3584 lli?

153 3610 265 3698 οὕτως,
292 3610 375 3682 ὥστε
397 3616 499 3706 μηδὲν
522 3609 597 3681 ἄνευ
620 3621 678 3706 τῆς
700 3621 766 3681 τῶν
788 3622 878 3682 θεῶν
900 3613 1028 3705 γνώμης
1051 3621 1172 3698 ποιεῖν,
1196 3611 1293 3680 ditat&
1332 3623 1335 3677 ζ

154 3722 198 3805 ds‘,
217 3717 300 3788 ὥστε
315 3719 479 3808 βλάπτειν
493 3721 553 3806 μὲν
567 3722 691 3813 μηδένα
709 3736 783 3804 ete.²
808 3721 965 3813 ἐγκρατὴς
988 3722 1033 3803 δέ,
1059 3716 1142 3788 ὥστε
1157 3717 1292 3812 prodicos&

152 3835 393 3918 προαιρεῖσθαι
417 3827 455 3896 τὸ
480 3825 573 3920 ἥδιον
596 3824 668 3896 ἀντὶ
692 3835 751 3896 τοῦ
772 3828 948 3916 βελτίονας,
977 3826 1138 3919 φρόνιμος
1161 3828 1203 3911 δέ,
1232 3813 1290 3889 dull

225 4029 253 4096 1)
272 4028 316 4083 De
334 4029 372 4083 X.
392 4048 439 4100 qu.
458 4030 479 4083 f.
498 4029 642 4100 Apologia
665 4035 694 4083 et
719 4036 848 4083 extrema
868 4030 1062 4084 Commentar.
1082 4034 1163 4100 parte
1180 4046 1205 4098 p.
1219 4022 1252 4099 42

224 4120 253 4188 2)
271 4119 358 4173 Mem.
368 4118 411 4172 IV
418 4121 443 4187 8,
461 4120 502 4172 11.
519 4149 550 4156 -
565 4119 844 4174 Commemoratione
855 4119 974 4190 dignum
985 4126 1036 4188 est,
1046 4119 1141 4191 ipsum
1151 4107 1287 4170 Krohniflffit

154 4209 204 4280 qui
217 4227 253 4264 ex
266 4213 404 4280 quattuor
416 4206 649 4262 Memorabilium
662 4208 743 4263 libris
762 4214 872 4280 septem
891 4208 976 4262 modo
996 4208 1091 4286 capita
1104 4227 1121 4261 1
1133 4199 1267 4275 xenophon
1331 4275 1335 4285 ,

154 4298 261 4369 scripta
279 4303 371 4370 putat,
391 4298 466 4351 hanc
478 4299 695 4369 paragraphum
708 4297 734 4352 ei
746 4298 873 4353 tribuere
892 4296 1015 4368 (Krohm
1035 4298 1167 4352 Socrates
1181 4313 1204 4350 u.
1218 4288 1284 4344 Xffl⁰⁶
1310 4370 1314 4379 .

72 4370 76 4375 Ι
156 4389 237 4461 phon
254 4387 365 4460 p.147).
451 4466 454 4475 .
