2880 4852
580 263 798 326 ..59-

131 463 156 525 p.
175 441 248 520 718).
294 442 349 506 Ex
369 441 442 527 ipso
466 442 575 527 igitur
602 440 688 505 libro
712 440 748 504 id
768 462 875 504 unum
903 439 976 504 erui
1003 462 1102 525 posse
1128 439 1274 525 videtur,

130 553 160 610 ut
177 570 243 613 eum
263 555 341 633 post
364 571 392 612 a.
419 549 483 613 385
508 549 673 634 scriptum
708 570 782 611 esse
805 547 1004 612 iudicemus.
1062 548 1150 612 Nam
1173 569 1216 610 ne
1239 547 1277 611 id

131 654 243 737 quidem
265 655 422 720 Nitschio
447 654 701 720 concedendum
736 677 808 718 esse
833 654 1004 737 existim0,
1035 653 1123 738 quod
1146 660 1224 739 post
1247 677 1275 719 a.

130 761 177 825 371
196 784 343 847 pugnam
368 763 595 827 Coronensem
627 755 780 842 pardalica
805 758 878 821 οἵαν
903 749 961 822 οὐκ
981 749 1082 844 ἄλλην
1105 759 1170 820 τῶν
1193 754 1294 845 γὰρ’Ι

129 855 199 950 ἡμῶν
220 868 288 934 dici
309 870 462 956 potuisse
478 876 593 954 negat,
618 891 695 933 cum
710 868 868 932 Leuctris
884 868 975 932 inter
992 868 1079 931 solos
1097 867 1277 932 Thebanos

130 982 155 1038 et
171 976 509 1042 Lacedaemoniorum
538 981 696 1060 quattuor
718 966 823 1058 μόρας
850 981 1064 1060 pagnaretur,
1091 974 1278 1039 Coroneam

129 1103 158 1144 ex
170 1088 233 1147 tota
248 1082 319 1148 fere
337 1084 480 1149 Graecia
497 1083 664 1148 exercitus
681 1082 932 1147 convenissent.
967 1081 1120 1146 Certiora
1135 1103 1217 1146 vero
1236 1104 1278 1145 ex

130 1209 157 1251 ea
174 1211 218 1274 re,
243 1190 332 1275 quod
356 1191 412 1255 hic
435 1191 522 1255 liber
544 1196 621 1276 post
644 1189 833 1254 Anabasim
856 1187 1062 1275 compositus
1086 1211 1159 1252 esse
1182 1188 1277 1253 vide-

130 1299 181 1379 tur,
216 1296 306 1361 infra
341 1298 385 1384 (p.
411 1298 453 1362 65
478 1294 542 1381 sq.)
578 1296 712 1361 efficere
747 1295 957 1377 conabimur,
992 1295 1049 1359 hic
1083 1294 1279 1360 addendum

129 1407 175 1487 ost,
205 1403 294 1488 quod
328 1404 532 1469 Leutschius
566 1404 700 1484 (Philol.
729 1404 895 1468 XXXIII
917 1426 949 1488 p.
975 1399 1130 1485 91127)
1165 1403 1276 1487 Jung-

129 1512 472 1597 1111103000(Ρ111101.
498 1510 641 1596 Anaeig.
666 1513 698 1577 V
724 1508 800 1592 139)
836 1510 902 1574 sibi
929 1514 1183 1596 persuaserunt,
1219 1510 1278 1594 qui

128 1614 359 1684 hellenicorum
381 1619 510 1705 priores
535 1619 638 1684 libros
662 1642 681 1682 a
704 1619 934 1703 Xenophonte
959 1616 1115 1702 Cratippi
1139 1616 1277 1681 nomine

130 1721 214 1790 editos
251 1748 324 1790 esse
360 1732 573 1807 censuerunt,
610 1748 687 1790 curn
711 1725 912 1811 Cratippum
947 1722 1159 1808 Thucydidis
1194 1745 1278 1807 opus

129 1834 327 1917 complevisse
350 1833 538 1918 Dionysius
561 1833 639 1897 Hal.
664 1832 719 1912 (de
736 1832 890 1917 Thucyd
907 1830 1006 1908 XVI)
1031 1830 1131 1894 dicat.
1162 1829 1278 1914 Atque

129 1933 307 2005 leutschius
321 1940 458 2024 quidem
475 1962 559 2023 eam,
578 1962 678 2023 quam
690 1940 873 2003 Muellerus
890 1938 988 2021 dixit,
1004 1937 1151 2023 primam
1163 1937 1278 2020 Helle-

130 2043 256 2111 ricorum
288 2054 420 2133 partem
455 2044 485 2129 (I
511 2045 725 2129 1-113,10)
750 2045 913 2131 Cratippo
949 2045 1063 2109 datam
1095 2043 1278 2128 existimat,

129 2149 346 2239 Jungmannus
371 2153 565 2219 Nitschium
583 2160 717 2217 secutus
742 2175 830 2236 eam,
855 2174 939 2236 quae
957 2158 1115 2236 quattuor
1148 2151 1279 2237 priores

128 2255 208 2325 libros
231 2284 270 2325 ao
295 2261 408 2346 quinti
429 2261 508 2325 libri
524 2260 672 2347 primum
697 2267 797 2345 caput
813 2259 1049 2344 complectitur
1071 2257 1144 2338 (cfr.
1161 2281 1193 2343 p.
1211 2258 1277 2337 54).

130 2362 255 2440 Quorum
281 2368 451 2432 sententia
485 2368 543 2450 iis,
580 2389 665 2451 quae
701 2365 742 2430 de
767 2366 929 2451 Cratippo
952 2365 1140 2455 Dionysius
1163 2364 1277 2448 refert,

128 2471 285 2559 refutatur,
322 2476 380 2559 qui
408 2497 485 2538 eum
521 2473 690 2539 orationes
726 2497 746 2537 a
774 2472 975 2556 Thucydide
1009 2473 1154 2537 insertas
1188 2473 1279 2537 vitu-

129 2597 240 2660 perasse
276 2582 370 2665 dicit,
406 2604 483 2646 cum
519 2570 555 2641 oi·
579 2573 678 2659 μόνον
701 2579 775 2652 ταῖς
797 2572 969 2662 πράξεσιν,
999 2568 1083 2640 ἀλλὰ
1117 2573 1173 2639 καὶ
1208 2578 1279 2652 τοῖς

130 2670 281 2749 duodenum
306 2677 440 2772 ὀχληραί
464 2695 579 2752 essent
602 2686 759 2772 (Dionys.
784 2688 805 2751 l.
829 2688 851 2751 l.
870 2710 897 2752 c.
918 2688 959 2751 16
981 2709 1013 2772 p.
1032 2683 1122 2769 847).
1162 2687 1279 2771 Ipsum

130 2787 213 2874 igitur
235 2796 306 2860 suis
329 2796 425 2860 libris
446 2796 615 2860 orationes
631 2818 701 2859 non
723 2794 908 2858 inseruisse
932 2800 1085 2880 apparet3
1109 2793 1146 2857 in
1162 2793 1278 2857 Helle·

130 2896 258 2966 nieorum
280 2925 361 2967 vero
384 2903 494 2988 prima
517 2910 613 2989 parte
637 2902 806 2966 orationes
830 2901 992 2985 leguntur
1015 2897 1118 2981 (Hell.
1144 2900 1162 2963 I
1185 2900 1215 2983 6,
1240 2901 1277 2983 8;

132 3000 217 3092 l,16;
240 3009 277 3073 H
300 3010 330 3094 3,
355 3010 407 3074 24.
437 3010 489 3074 35.
519 3010 575 3089 513
604 3009 636 3092 4,
663 3009 713 3072 13.
744 3008 788 3072 20
799 3004 900 3091 Ι010),
929 3008 1045 3091 itaque
1073 3006 1279 3090 Dionysium

132 3109 202 3178 aliud
223 3117 378 3203 Cratippi
408 3139 492 3203 opus
517 3115 726 3179 intellexisse
751 3121 883 3201 oportet
906 3113 980 3195 (cfr.
1005 3113 1134 3197 Ruehl,
1158 3113 1277 3178 Jahrb.

132 3212 276 3288 lPhilol.
301 3230 326 3288 t.
355 3224 417 3288 127
441 3221 555 3306 (1863)
578 3245 612 3308 p.
638 3223 723 3301 738).

332 3396 354 3486 5
379 3399 423 3468 l5.
470 3400 513 3468 lle
538 3399 766 3468 Hellcnlcorum
791 3400 886 3485 parte
910 3399 1068 3467 extrema.

213 3545 392 3610 Extremos
428 3544 575 3628 denique
598 3544 853 3608 Hellenicorum
887 3543 992 3608 libros
1016 3544 1123 3608 multo
1146 3551 1277 3630 posta.

133 3638 180 3708 360
192 3650 358 3716 confectos
383 3657 417 3715 et
432 3651 495 3716 hac
514 3652 555 3715 de
572 3674 671 3716 causa
688 3651 913 3735 Stesiclidem,
938 3651 997 3736 qui
1012 3650 1279 3736 Xenophontem

133 3767 153 3809 a·
172 3754 284 3842 360s59
310 3781 352 3823 ex
371 3759 444 3822 vita
460 3758 645 3823 decessisse
663 3758 756 3842 dicit,
781 3757 1042 3843 improbandum
1059 3780 1132 3822 esse
1148 3758 1278 3844 primus

132 3849 355 3951 Wesselingius
390 3865 480 3929 vidit
514 3863 606 3948 (adn.
631 3865 673 3929 ad
696 3865 834 3929 Diodor.
859 3865 928 3929 XV
953 3863 1018 3946 76).
1077 3866 1166 3930 Nam
1188 3865 1278 3929 Hell.

132 3957 169 4027 VI
184 3971 211 4055 4,
227 3973 269 4037 36
293 3972 487 4058 Xenophon
515 3971 703 4036 Alexandri
726 3971 913 4036 Pherarum
936 3972 1076 4056 tyranni
1100 3972 1141 4038 ab
1165 3973 1279 4037 uxoris

132 4063 270 4144 turribus
292 4079 395 4144 occisi
422 4079 631 4143 mentionem
661 4079 744 4143 facit
768 4087 802 4144 et
831 4079 966 4143 illorum
989 4079 1173 4143 maximum
1197 4085 1280 4143 natu

82 4256 84 4263 Ι
131 4193 249 4263 regnum
262 4185 450 4252 obtinuisse
464 4186 548 4250 dicit
562 4174 642 4269 ,ἶὶχρι
659 4168 696 4245 oi
710 4175 764 4246 lide
778 4175 794 4246 ὁ
808 4177 903 4266 λόγος
917 4177 1096 4270 e'ypdrscco'.
1114 4186 1138 4250 J
1139 4207 1279 4249 aeonem

82 4320 84 4329 =
132 4299 193 4354 vero
212 4293 398 4358 Pherarum
426 4301 612 4379 tyrannum
634 4298 805 4358 mortuum
840 4316 913 4357 esse
948 4300 1130 4377 antequam
1152 4293 1280 4376 Pythia

82 4420 85 4483 ;
132 4408 153 4454 a·
171 4396 228 4464 370
262 4407 446 4486 agerentur
479 4400 674 4485 Xenophon
708 4399 814 4465 tradit
847 4401 938 4465 Hell.
963 4401 1012 4464 VI
1035 4400 1066 4483 4,
1102 4400 1158 4482 27;
1195 4422 1279 4485 quae
