2880 4852
538 225 756 290 mq5„

63 403 180 467 statim
211 403 248 467 in
277 402 530 468 matrimonium
561 402 699 469 ductum
728 403 771 468 iri
796 403 940 468 Seuthes
969 404 1067 470 dixit.
1114 403 1233 489 Itaque

61 510 274 575 tricesimum
309 510 398 575 circa
433 534 560 575 annum
593 510 860 597 Xenophontem
895 511 1005 596 egisse
1040 517 1122 598 puto
1158 534 1234 576 cum

63 618 211 682 Graecos
245 617 423 682 reduceret
458 624 492 683 et
510 619 616 683 circa
640 642 668 684 a.
697 619 764 682 430
796 624 915 682 natum
950 641 1023 683 esse
1058 617 1234 683 Mitfordio
1317 601 1324 623 l

62 725 206 809 aliisque
241 748 324 810 quos
360 747 461 811 supra
495 726 708 790 enumeravi
721 717 906 790 concedes
930 726 1049 810 Neque
1078 731 1143 809 est,
1176 748 1235 790 cur
1326 779 1329 787 ,

62 831 223 896 iuvenem
244 822 424 897 admodum
449 833 624 899 aGraecis
649 833 768 897 ducem
794 838 943 897 creatum
967 855 1040 897 esse
1063 833 1233 916 miremur,
1300 843 1301 847 ’

62 961 141 1003 cum
164 938 371 1025 Iphicratem
395 963 540 1025 quoque,
571 940 817 1026 cumprimum
846 940 941 1004 ducis
965 939 1088 1005 officiis
1112 939 1232 1025 funge-

61 1052 158 1110 retur
190 1069 219 1110 a.
255 1047 320 1110 393
354 1047 556 1112 vicesimum
592 1070 719 1112 annum
754 1049 865 1131 agisse
900 1053 1045 1112 testetur
1079 1048 1232 1112 Iustinus
1286 1091 1293 1122 ,

62 1153 114 1218 Ἦ
130 1154 161 1238 5,
178 1155 208 1236 2,
234 1153 328 1218 cuius
350 1154 421 1219 levi
437 1155 574 1239 quidem
590 1154 785 1220 auctoritati
802 1177 841 1218 ea
856 1177 893 1218 re
909 1154 1119 1238 subvenitur,
1145 1154 1234 1240 quod

63 1282 171 1350 usque
195 1260 288 1325 ada.
314 1261 592 1347 3551phiorates
620 1261 657 1326 in
685 1261 783 1326 bellis
812 1267 965 1326 versatus
995 1267 1047 1326 est
1074 1243 1233 1345 (Sieveirs,

64 1366 202 1432 Griech.
228 1367 351 1432 Gesch.
376 1391 407 1454 p.
436 1370 500 1433 120
522 1391 555 1432 n.
580 1365 659 1451 26.).
864 1458 865 1461 ¹

226 1470 304 1560 53.
352 1475 394 1542 Bc
419 1474 634 1560 xenophontis
658 1473 728 1541 vita
752 1490 851 1559 usquc
876 1474 916 1542 ad
941 1492 971 1542 a.
996 1473 1078 1542 394.

156 1582 224 1647 Sed
247 1583 330 1647 satis
354 1605 520 1669 superque
544 1583 586 1647 de
608 1582 672 1647 hac
694 1605 744 1665 re;
769 1605 951 1670 pergamus
975 1583 1011 1646 in
1032 1583 1104 1648 vita
1120 1585 1235 1648 Xeno·
1347 1628 1351 1633 -

63 1691 204 1777 phontis
220 1690 417 1757 enarranda.
453 1690 567 1777 Atque
591 1690 633 1755 de
648 1691 794 1776 pueritia
810 1690 947 1774 quidem
969 1690 1058 1754 nihil
1073 1691 1237 1755 traditum

66 1805 128 1884 est,
151 1821 262 1883 neque
287 1797 376 1882 quod
395 1797 565 1863 Pfundius
588 1798 806 1883 Blassiusque
823 1797 890 1862 sibi
904 1804 1154 1884 persuaserunt,
1179 1798 1238 1883 qui

66 1929 143 1970 cum
159 1906 306 1970 Isocrate
331 1906 363 1970 ei
379 1905 565 1971 amicitiam
581 1905 812 1970 intercessisse
836 1905 992 1969 arbitrati
1015 1912 1094 1970 sunt
1117 1906 1236 1990 (BlasS,

65 2013 225 2078 Attische
240 2013 380 2077 Bereds.
396 2014 433 2077 Π
451 2014 500 2096 11,
522 2013 576 2078 42.
598 2011 722 2096 Pfund,
747 2012 794 2077 de
810 2012 969 2077 Isocratis
986 2013 1058 2078 vita
1082 2019 1116 2078 et
1132 2013 1237 2098 scrip-

66 2121 114 2185 tis
137 2144 169 2205 p.
195 2121 229 2203 5)
265 2144 304 2184 ea
326 2142 363 2184 re
391 2120 473 2184 satis
497 2119 671 2205 probatur,
709 2119 798 2205 quod
833 2143 875 2183 ex
910 2120 1027 2185 eodem
1055 2143 1143 2207 pago
1172 2118 1238 2185 orti

66 2233 175 2311 erant,
200 2227 379 2312 Gryllique
391 2227 622 2292 laudationem
633 2228 798 2292 isocrates
812 2228 1009 2313 composuit.
1047 2228 1236 2313 (Hermipp.

65 2359 119 2422 ap.
143 2335 243 2419 Diog.
269 2334 382 2398 Laert.
406 2335 443 2398 Π
477 2331 545 2417 55.)
603 2333 814 2399 Adulescens
847 2334 971 2399 deinde
1001 2334 1167 2419 quomodo
1201 2333 1238 2397 in

66 2442 215 2509 Socratis
259 2440 527 2507 familiaritatem
566 2442 716 2506 imbutus
755 2463 828 2505 esse
866 2438 1032 2525 tradatur,
1066 2441 1238 2526 Diogenes

66 2550 225 2614 Laertius
248 2549 297 2629 (Π
318 2549 375 2628 48)
402 2555 526 2613 narrat.
572 2549 777 2634 Magistrum
804 2570 886 2613 vero
908 2554 1016 2613 totam
1043 2571 1103 2634 per
1130 2549 1238 2614 vitam

66 2679 199 2722 summo
223 2658 317 2721 cultu
334 2663 368 2720 et
382 2656 601 2721 veneratione
625 2661 822 2742 prosecutus
844 2662 904 2739 est,
930 2655 1084 2741 quamvis
1100 2643 1240 2740 ingenio

65 2765 180 2830 minus
216 2764 259 2829 ad
293 2763 544 2851 philosophiam
580 2782 680 2847 quam
715 2762 758 2827 ad
785 2786 838 2828 res
868 2760 1047 2846 militares,
1083 2763 1237 2845 rusticas,

65 2873 241 2938 venaticas
270 2878 349 2958 apto
377 2871 550 2958 praeditus
584 2876 682 2935 esset.
729 2871 869 2935 Praeter
904 2870 1077 2935 Socratem
1117 2869 1239 2954 quibus

66 2980 145 3044 aliis
169 2979 343 3066 magistris
366 3001 447 3043 usus
471 2979 525 3059 sit,
550 2979 733 3061 nescimus;
758 3001 838 3042 nam
862 2977 951 3062 quod
967 2976 1111 3041 Photius
1135 2977 1240 3041 tradit

67 3087 243 3168 (Biblioth.
269 3086 340 3152 cod.
366 3086 441 3170 260,
465 3109 497 3172 p.
514 3085 590 3167 486,
615 3086 657 3148 36
681 3080 746 3168 B.)‚
772 3085 831 3169 qui
855 3107 932 3149 eum
954 3084 1113 3148 Isocratis
1138 3083 1239 3150 disci·
1314 3124 1316 3127 ·

66 3195 185 3282 pulum
209 3194 314 3259 fuisse
338 3193 436 3277 dicit,
466 3216 543 3259 cum
558 3199 749 3279 temporum
763 3192 895 3256 ratione
918 3197 1063 3278 pugnat,
1089 3214 1166 3256 cum
1185 3215 1239 3256 ae·

68 3302 183 3388 quales
223 3300 294 3366 fere
331 3307 461 3385 essent,
507 3298 768 3384 Xenophonque
807 3322 872 3384 quo
906 3306 1057 3384 tempore
1092 3299 1239 3364 Athenis

67 3410 234 3475 Isocrates
259 3409 379 3474 docere
404 3408 515 3494 coepit
539 3430 567 3472 a.
592 3408 658 3471 394
682 3404 755 3490 (cfr.
770 3407 917 3492 Sanneg‚
944 3406 985 3470 de
1007 3407 1121 3472 schola
1136 3408 1238 3472 Isocr.

69 3540 100 3603 p.
129 3514 183 3599 17)
208 3516 244 3580 in
261 3516 345 3581 Asia
368 3521 559 3581 versaretur
575 3522 675 3600 atque
690 3516 791 3600 paulo
806 3522 884 3600 post
907 3514 1008 3579 exilio
1028 3516 1238 3579 multaretur.

176 3624 295 3709 Neque
329 3623 537 3688 Philostrato
572 3623 643 3687 Vit.
681 3621 774 3708 soph.
814 3623 832 3686 I
868 3623 908 3685 12
943 3643 1103 3707 magnam
1137 3621 1239 3686 fidem

67 3730 258 3795 habendam
282 3753 356 3795 esse
377 3735 471 3817 puto,
500 3730 559 3814 qui
582 3753 601 3794 a
623 3729 854 3815 Xenophonte
878 3728 1013 3816 captivo
1038 3728 1076 3792 in
1098 3728 1240 3793 Boeotia

67 3838 251 3903 Prodicum
286 3839 441 3903 auditum
470 3859 549 3922 esse
583 3837 698 3902 tradit.
752 3836 963 3921 Quamquam
996 3836 1088 3899 enim
1122 3835 1239 3900 Xeno·

70 3946 235 4032 phontem
259 3946 297 4010 in
319 3946 408 4010 bello
424 3945 711 4031 Peloponnesiaco
727 3943 898 4030 stipendia
913 3942 1035 4008 fecisse
1051 3965 1120 4007 non
1144 3965 1239 4029 prae·

68 4052 175 4118 fracte
198 4075 300 4138 nego,
325 4059 455 4138 tamen,
485 4076 568 4117 num
591 4052 830 4139 philosophum
854 4051 977 4116 sectari
1001 4051 1135 4137 captivo
1160 4072 1238 4114 con-

68 4183 201 4226 cessum
236 4161 295 4246 sit,
330 4161 416 4225 mihi
439 4161 593 4225 maxime
627 4160 767 4225 dubium
795 4167 847 4224 est
882 4155 1121 4241 (Schenkelius
1157 4179 1239 4221 vero

68 4269 132 4334 hoc
157 4268 223 4333 sibi
246 4269 423 4355 persuasit.
460 4268 550 4332 Xon.
569 4268 664 4334 Stud.
682 4267 727 4332 H.
752 4269 792 4332 B.
810 4266 842 4332 d.
860 4267 974 4332 Wien.
999 4265 1059 4329 Ac.
1077 4266 1131 4349 80,
1152 4260 1239 4346 149.)

68 4379 118 4447 Ut
140 4399 222 4442 vero
246 4382 428 4462 antequam
452 4375 495 4440 ad
518 4376 646 4461 Cyrum
669 4374 949 4462 proficisceretur,
977 4394 1115 4436 uxorem
1139 4371 1239 4436 duce·
