2880 4852
511 215 754 285 '-73-

58 407 242 486 antequam
267 401 434 467 Scillunte
458 399 676 484 consedisset,
692 399 959 485 Xenophontem
975 396 1018 463 ad
1033 397 1230 483 ampliorem

58 508 184 575 librum
207 507 424 573 scribendum
440 529 639 594 aggressum
655 528 728 571 esse
744 505 930 571 verisimile
946 527 1016 571 non
1040 512 1100 570 est.
1136 505 1229 570 Ana-

59 615 169 704 basim
190 637 273 681 vero
297 638 316 680 a
339 613 615 681 Memorabilibus
639 619 749 678 aetate
773 613 935 699 superari,
958 611 1231 677 Memorabilium

61 745 185 809 genere
197 721 337 788 dicendi
347 722 518 809 probatur,
539 720 628 807 quod
641 720 682 785 ab
694 719 890 784 Anabaseos
904 719 1074 804 elegantia
1085 718 1231 783 nimium

63 834 225 914 quantum
247 828 386 895 recedit.
435 829 509 906 Qua
536 828 752 916 potissimum
779 827 911 892 ratione
936 825 1161 892 Schenkelins
1189 825 1232 890 ad

62 959 133 1002 eam
158 937 363 1002 sententiam
388 935 554 1001 adductus
578 941 651 1000 esse
674 934 821 1019 videtur,
845 940 884 998 ut
899 932 1133 998 Memorabilia
1155 940 1232 1020 post

60 1041 247 1109 Alexandri
269 1043 390 1130 Magni
413 1049 558 1114 aetatem
581 1041 623 1106 ab
647 1042 898 1128 interpolatore,
923 1040 982 1126 qui
1004 1039 1231 1144 Atheniensis

61 1173 127 1217 non
153 1157 253 1236 esset,
276 1155 460 1216 retractata
481 1156 625 1236 putaret.

166 1257 216 1324 At
243 1257 467 1325 Schenkelius
497 1256 728 1322 demonstrare
764 1277 896 1340 quoque
925 1255 1076 1340 studuit,
1102 1255 1231 1320 Memo-

59 1364 196 1450 rabilia,
220 1365 497 1450 Oeconomicum,
523 1363 729 1429 Conuiuium
752 1385 858 1427 unum
882 1385 955 1427 esse
979 1385 1075 1448 011110,
1100 1362 1190 1447 qnod
1213 1386 1233 1427 a

10 1502 12 1509 ·
59 1472 291 1560 Xenophonte
316 1472 477 1537 continuo
502 1471 727 1558 compositum
753 1477 870 1557 postea
892 1471 930 1534 111
952 1477 1021 1535 1100
1044 1476 1156 1556 partes
1181 1469 1232 1534 di-

58 1580 198 1646 vulsum
223 1586 313 1644 esset
336 1579 434 1659 (Xen.
461 1578 557 1645 Stnd.
581 1579 618 1643 Π
643 1577 728 1657 144).
773 1577 862 1642 Nam
884 1577 1043 1642 ultimum
1066 1578 1231 1642 Memora-

56 1687 182 1753 bilium
211 1692 312 1773 caput
336 1687 398 1767 (IV
420 1682 455 1768 8)
479 1709 499 1751 a
521 1685 748 1772 Xenophonte
776 1685 925 1749 alienum
952 1689 1063 1770 putat,
1097 1691 1232 1749 etcum

53 1793 296 1860 Memorabilia
319 1794 455 1880 epilogo
480 1816 593 1858 001010
616 1815 686 1857 11011
706 1798 855 1879 possent,
881 1791 1142 1858 Oeconomicum
1164 1813 1232 1854 una

55 1925 136 1968 011111
172 1901 216 1966 iis
251 1899 382 1966 editum
424 1922 497 1964 esse
537 1899 604 1964 sibi
642 1899 810 1986 persuasit
856 1899 1128 1983 Conuiuiumque
1162 1898 1249 1976 illis
1360 1951 1363 1961 .

55 2007 166 2093 addit,
190 2014 229 2073 ut
253 2008 366 2073 omnia
389 2007 529 2094 scripta,
559 2007 681 2092 quibus
704 2007 896 2092 Xenophon
920 2007 1092 2071 Socratem
1116 2004 1250 2092 dispu-¹

54 2123 190 2181 tantem
212 2114 311 2199 fecit,
346 2136 414 2179 uno
443 2136 581 2200 corpore
605 2115 854 2179 contineantur.
903 2113 1014 2190 Quam
1035 2113 1072 2177 in
1096 2119 1231 2177 senten-

54 2222 143 2288 tiam
177 2245 217 2288 ea
250 2245 319 2286 una
353 2223 484 2287 10110110
520 2229 705 2287 0010100100
742 2221 841 2305 011111,
877 2220 966 2306 quod
990 2220 1232 2287 Oeconomicus

55 2330 195 2416 qualem
216 2351 308 2393 nunc
330 2330 486 2415 legimus,
512 2329 648 2416 incipit:
665 2317 816 2389 Ἤκουσα
852 2323 888 2388 δέ
921 2347 1005 2388 ποτε
1040 2316 1141 2388 αὐτοῦ
1175 2321 1232 2387 καὶ

59 2431 140 2520 περὶ
164 2428 355 2514 οἰκονομίας
378 2427 491 2497 retritis
515 2428 754 2516 διαλεγομένου.
801 2434 975 2523 Apparere
1010 2435 1102 2499 enim
1136 2434 1231 2517 dicit,

56 2542 323 2630 Xenophontem
346 2542 408 2608 tali
427 2544 599 2630 prooemio
620 2543 672 2609 uti
695 2564 764 2607 non
779 2543 939 2629 potuisse,
964 2542 1034 2606 nisi
1049 2542 1117 2606 iam
1132 2547 1232 2606 antea

58 2651 233 2717 Socratem
269 2650 311 2714 de
345 2651 422 2715 aliis
450 2650 550 2715 rebus
579 2650 810 2736 disputantem
837 2650 987 2733 fecisset3
1012 2672 1078 2735 qua
1100 2649 1231 2713 ratione

60 2758 210 2824 Galenus
249 2757 319 2821 iam
358 2763 396 2821 ut
435 2757 698 2823 Oeconomicum
738 2764 922 2822 extremam
960 2755 1231 2822 Memorabilium

59 2871 191 2952 partem
215 2887 288 2929 esse
305 2872 458 2930 censeret
474 2870 659 2930 commotus
677 2871 729 2929 001
752 2862 809 2948 (011
824 2864 985 2951 Hippoor.
1003 2857 1082 2947 περὶ
1098 2851 1232 2947 ἄρθρων

59 2971 180 3038 XVIII
206 2972 270 3036 301
299 2968 450 3056 Kuehn).
505 2972 602 3037 Idem
637 2979 750 3037 autem
785 2971 828 3036 de
863 2971 1024 3037 Convivii
1059 2970 1230 3057 prooemio

61 3078 281 3144 indicandum
305 3101 392 3162 esse,
429 3102 507 3144 oum
533 3079 713 3165 peculiaris
741 3079 827 3144 liber
850 3078 1001 3167 incipere
1024 3101 1094 3143 non
1116 3083 1231 3163 posset

61 3185 116 3251 his
131 3185 261 3251 verbis:
283 3174 371 3265 ‘Alo
389 3180 463 3264 ἐμοὶ
481 3181 591 3252 δοκεῖ,
607 3237 613 3251 ,
630 3237 636 3252 ,
655 3193 717 3251 010.
736 3224 777 3232 -
796 3186 888 3263 Quae
905 3185 1042 3271 quidem
1059 3185 1231 3251 Schenke·

60 3293 127 3359 lius
142 3315 214 3359 non
229 3293 359 3380 primus
376 3293 442 3358 sibi
464 3295 643 3380 persuasit,
669 3293 729 3359 sed
744 3293 862 3358 eadem
878 3292 1124 3358 Delbrueckius
1149 3314 1231 3379 quo-

10 3458 13 3471 .
57 3423 123 3487 que
148 3398 264 3466 docuit
287 3399 489 3486 (Xenophon
513 3424 545 3487 p.
571 3402 623 3485 59,
651 3402 706 3485 103
732 3399 791 3466 cfr.
816 3424 849 3487 p.
869 3399 950 3484 40).·
985 3399 1053 3466 Sed
1076 3401 1231 3486 quamvis

57 3507 250 3596 probabilia
272 3507 463 3593 videantur,
488 3515 603 3572 tamen
626 3508 695 3573 illis
719 3507 936 3573 obiciendum
960 3514 1024 3592 est,
1050 3507 1140 3592 quod
1162 3530 1232 3572 non

54 3615 159 3703 modo
167 3614 512 3681 Lacedaemoniorum
518 3609 751 3700 Respublical)
765 3614 902 3701 incipit:
912 3603 1066 3695 Ἀλλ’ἕγώ
1079 3605 1232 3699 ἐννοήσας

53 3716 147 3784 ποτέ·
171 3769 222 3798 ..,
259 3721 319 3786 0011
354 3722 457 3787 etiam
478 3722 652 3787 Philolaus
686 3728 774 3786 teste
801 3722 957 3808 Diogene
985 3721 1122 3787 Laertio
1146 3721 1232 3788 VIH

52 3831 102 3896 85
119 3829 259 3894 initium
275 3827 358 3894 fecit
373 3827 427 3893 his
442 3829 571 3894 verbis:
599 3819 702 3902 Φύσις
725 3823 790 3888 δ’ἕν
812 3828 859 3910 τῷ
874 3820 987 3911 κόσμῳ
1012 3819 1186 3914 ἁρμόχθη.
1202 3877 1230 3905 .,

52 3959 123 4004 nec
147 3957 217 4000 non
239 3936 433 4001 Heraclitus
456 3936 641 4023 Ephesius:
671 3935 738 3996 'ros
754 3930 790 3996 δὲ
813 3927 910 4016 λόγου
934 3932 1021 3997 τοῦδ’
1046 3928 1156 4010 ἐόντος
1180 3925 1232 3996 ἀεὶ

169 4199 197 4266 1)
233 4198 454 4254 Atheniensium
466 4200 656 4272 Reipublicae
669 4201 855 4273 prooemium,
875 4203 950 4273 quod
969 4206 1026 4256 est:
1047 4205 1116 4272 Περὶ
1137 4200 1168 4253 dt
1187 4200 1232 4267 τῆς

34 4283 210 4361 ,Ἀθηναίων
229 4286 368 4360 nutrietur
387 4329 392 4340 .
414 4329 419 4341 .
439 4289 591 4344 retractari
609 4290 713 4361 potuit,
733 4309 798 4345 cum
816 4290 929 4345 libellus
942 4290 1017 4344 inter
1029 4289 1231 4360 Xenophontis

57 4395 151 4452 opera
170 4377 329 4432 translatus
346 4378 640 4434 Lacedaemoniorum
660 4378 844 4451 Reipublicae
863 4379 1023 4435 adderetur.
