2880 4852
524 264 765 330 -103-

52 443 169 530 potuit
179 437 213 522 1).
259 443 378 528 Itaque
403 465 479 508 cum
494 443 700 529 Xenophon,
725 443 1009 509 familiarissimus
1032 444 1123 529 regis
1147 444 1230 509 arni-

56 574 127 633 cus,
152 550 194 615 de
218 555 329 615 aetate
353 550 425 615 eius
450 573 559 615 errare
582 573 651 615 non
674 552 839 636 potuerit,
874 551 957 616 haec
992 550 1034 616 ab
1058 574 1096 616 eo
1120 553 1231 617 aliena

57 664 148 723 sunt.
195 656 295 722 Adde
320 657 410 742 quod
438 658 546 723 libelli
570 658 673 742 faber,
699 681 783 743 quae
808 659 844 723 in
867 659 1056 740 Hellenicis
1079 659 1230 744 legisset,

57 788 164 852 cape
208 788 298 830 eram
326 765 569 851 interpretatus
594 766 783 830 66111241
820 789 896 830 cum
925 767 1016 830 enirn
1039 765 1231 852 Xenophon

56 874 146 938 Hell.
273 924 279 957 ,
307 873 347 937 15
371 872 522 957 referret,
552 872 642 959 apud
664 873 811 938 Leuctra
840 872 1106 958 quadringentos
1131 874 1230 959 Spar-

10 980 12 1037 !
57 988 157 1046 tanos
180 979 379 1045 interfectos
404 1002 486 1065 esse,
511 1003 587 1044 cum
604 980 816 1067 septingenti
831 1003 966 1067 pugnae
982 969 1229 1063 interfuissent
1295 1009 1299 1060 3

10 1112 12 1147 1
57 1088 117 1152 1116
142 1109 259 1152 omnes
283 1088 467 1173 Spartanos
491 1087 544 1151 illi
570 1088 699 1173 proelio
727 1088 864 1152 affuisse
897 1087 964 1152 sibi
995 1087 1097 1152 finxit
1131 1094 1231 1172 atque

10 1244 12 1249 -
55 1176 222 1279 omniurn,
252 1195 310 1279 qui
333 1200 415 1259 tuno
438 1193 591 1279 fuerunt,
628 1195 871 1281 Spartanorum
900 1194 1077 1259 dimidiam
1099 1201 1231 1280 partem

54 1301 183 1367 occisos
208 1297 322 1385 esse.²)
353 1300 449 1366 Idem
472 1324 563 1386 vero,
594 1324 678 1386 quae
703 1309 781 1366 ante
804 1324 955 1388 pugnam
978 1302 1232 1367 Mantinensem

53 1407 247 1495 Xenophon
282 1409 428 1494 scripsit,
465 1409 524 1494 qui
558 1431 709 1495 pugnam
740 1410 968 1473 Coronensem
1002 1407 1108 1473 fuisse
1147 1408 1237 1473 dicit·

56 1513 196 1598 οἵανπερ
222 1504 280 1576 οὖν.
305 1504 406 1601 ditor
428 1516 493 1576 τῶν
516 1510 567 1600 ἐφ’
586 1505 687 1600 ἡμῶν,
712 1539 750 1580 ea
765 1522 843 1602 post
858 1517 1112 1580 Mantinensem
1135 1539 1230 1602 repe-

52 1631 126 1688 tere
150 1644 221 1687 non
244 1622 417 1688 dubitavit
439 1620 542 1707 (Hell.
567 1624 617 1688 IV
633 1624 663 1707 3,
689 1625 719 1687 9.
744 1622 846 1709 Ages
872 1624 907 1687 H
924 1621 968 1706 9).
1007 1623 1231 1699 Quibuscum

53 1730 182 1794 multae
210 1729 350 1794 minoris
385 1730 550 1794 momenti
577 1753 631 1794 res
660 1730 741 1794 addi
763 1726 942 1816 possent3),
967 1730 1231 1816 Xenophontem

53 1838 138 1902 talia
161 1835 287 1902 referre
310 1859 380 1902 non
413 1837 563 1923 potuisse
597 1838 665 1901 iam
700 1844 847 1924 apparet.
896 1838 1024 1902 Tamen
1048 1837 1106 1921 iis,
1143 1859 1231 1921 quae

54 1944 167 2008 adhuc
191 1945 306 2029 attuli,
335 1944 487 2009 nondum
509 1944 688 2030 probatum
714 1951 778 2018 est,
814 1944 938 2009 librum
963 1967 982 2008 a
1005 1942 1231 2029 Xenophonte

59 2051 211 2117 alienum
234 2073 317 2135 esse,
342 2074 419 2115 curn
441 2051 618 2116 Nitschius
642 2052 690 2131 (Z.
715 2050 738 2116 f.
756 2050 787 2117 d.
806 2051 1048 2138 Gymnasialw.
1072 2051 1242 2117 XXVIII

55 2159 132 2243 955,
155 2159 313 2223 Bursian.
337 2158 455 2224 Jahrb.
480 2159 587 2223 XXV
610 2159 666 2239 37)
691 2181 729 2223 ea
746 2181 831 2243 quae
847 2159 928 2223 inde
944 2159 1032 2223 616
1056 2181 1163 2242 usque
1187 2157 1230 2222 ad
1275 2200 1299 2242 ,Ἀ
1358 2142 1364 2154 ’

57 2265 112 2329 III
137 2265 165 2355 1,
178 2265 354 2350 leguntur,
382 2266 588 2351 interpolata
616 2288 688 2329 esse
716 2273 865 2349 censeat,
901 2264 1232 2351 Xenophontemque

55 2373 245 2459 scripsisse:
280 2361 365 2433 Ὅσα
396 2391 429 2453 γε
452 2364 516 2456 μὴν
540 2367 573 2430 ἓν
596 2372 636 2456 tp
659 2365 813 2454 βασιλείᾳ
837 2363 1004 2455 ἐπράξαῑο
1029 2410 1070 2417 -
1097 2360 1231 2432 611161-

55 2473 183 2564 μηρίων
193 2475 399 2563 προσδεῖται,
414 2468 670 2563 ἀλλ’ἀναμνῆσαι
685 2470 785 2557 μόνον
801 2468 893 2563 ἀρκεῖ
909 2473 965 2539 καὶ
982 2468 1082 2553 εὐθὺς
1095 2471 1232 2540 πιστεύ-

56 2607 138 2647 εται.
186 2586 254 2653 Sed
278 2586 310 2650 ei
325 2587 472 2672 primum
489 2586 705 2652 obiciendum
729 2592 790 2671 est,
815 2586 889 2650 fieri
913 2596 982 2651 non
1005 2588 1167 2674 potuisse,
1192 2592 1230 2651 ut

57 2694 95 2759 in
130 2694 258 2779 elogic‚
295 2694 429 2758 etiamsi
461 2694 575 2781 paullo
610 2702 687 2780 post
721 2700 863 2758 mortem
892 2695 983 2778 regis
1008 2695 1233 2780 compositum

57 2807 157 2885 esset,
180 2823 234 2865 res
258 2806 374 2885 gestae
398 2801 536 2866 omnino
559 2823 629 2865 non
653 2806 1009 2883 commemorarentur;
1046 2800 1170 2865 deinde
1194 2802 1232 2865 in

59 2909 191 2994 reliqua
214 2930 347 2993 quoque
370 2907 524 2992 Agesilai
546 2914 642 2993 parte
669 2908 777 2972 multa
804 2907 925 2990 inesse,
963 2930 1048 2993 quae
1073 2930 1092 2972 a
1119 2909 1233 2972 Xeno-

56 3016 186 3103 phonte
203 3014 381 3080 abhorrere
396 3015 587 3080 videantur.
625 3015 673 3079 Et
688 3014 788 3080 mitto
812 3013 950 3099 quidem
966 3013 1105 3079 dicendi
1125 3037 1233 3100 genus

167 3226 194 3296 l)
204 3226 369 3282 Hominem
387 3227 451 3298 plus
470 3245 558 3298 quam
577 3224 770 3296 quadraginta
786 3242 877 3279 annos
890 3231 992 3279 natum
1005 3243 1022 3278 a
1035 3225 1232 3296 Xenophonte

26 3384 34 3397 x
59 3322 123 3369 νέον
152 3315 208 3370 dici
236 3316 366 3370 Sturzius
395 3314 544 3370 contendit
568 3314 684 3386 quidem
711 3314 818 3383 (Lexic.
838 3315 912 3368 Xen.
931 3332 953 3368 s.
973 3334 1001 3370 v.
1020 3319 1081 3373 νέος
1099 3314 1150 3385 ΙΙ),
1181 3314 1231 3369 sed

57 3406 171 3460 nullum
191 3411 304 3477 praeter
322 3409 454 3459 nostrum
473 3405 568 3458 locum
588 3403 699 3472 attulit;
719 3403 792 3456 nihil
811 3421 879 3458 vero
899 3421 934 3457 ex
948 3421 981 3458 ea
994 3421 1024 3458 re
1037 3402 1229 3476 efficipotest‚

59 3495 137 3567 quod
150 3495 372 3566 Xenophontem
391 3512 478 3565 supra
497 3492 690 3564 quadraginta
708 3509 799 3546 annos
817 3497 919 3546 natum
937 3499 1083 3546 νεανίσκον
1101 3494 1228 3566 appella-

57 3591 122 3638 tum
141 3583 211 3638 dicit
228 3582 458 3653 Anab.111‚10‚
478 3601 544 3636 cum
556 3599 648 3653 neque
661 3581 825 3652 Xenophon
843 3600 877 3637 eo
896 3587 1026 3654 tempore
1045 3587 1140 3637 aetate
1158 3583 1233 3638 adeo

58 3678 216 3746 provectus
235 3678 310 3728 esset
328 3677 358 3726 et
376 3672 406 3726 in
425 3671 559 3726 omnibus
577 3671 744 3726 melioribus
763 3671 908 3726 codicibus
928 3670 1054 3741 (Aeon)
1075 3690 1134 3727 non
1153 3672 1234 3727 illius

57 3780 174 3831 nomen,
193 3763 242 3816 sed
264 3755 435 3832 Θεοπόμπου
453 3761 576 3831 legatur.
602 3791 633 3798 —
658 3761 737 3831 Lege
757 3760 792 3814 de
810 3761 898 3815 verbo
922 3765 983 3819 νέος
1008 3778 1081 3832 quae
1100 3761 1235 3816 Rohdius

57 3851 219 3924 disputavit
237 3851 294 3905 Rh.
313 3851 388 3905 Mus.
408 3850 540 3904 XXXVI
558 3851 613 3904 538
631 3855 660 3904 et
678 3849 881 3921 Xenophontis
899 3851 1020 3905 Memor.
1040 3850 1055 3904 Ι
1073 3852 1099 3919 2,
1118 3851 1161 3904 32.

167 3960 198 4025 2)
217 3962 274 4010 Καὶ
288 3951 377 4009 αὐτῶν
390 3956 573 4027 Σπαρτιατῶν
586 3950 618 4010 οὗ
632 3951 753 4028 μειόνων
767 3950 949 4010 ἀπολωλότων
962 3960 992 4010 ἓν
1003 3957 1034 4030 τῇ
1048 3960 1077 4010 ἐν
1086 3951 1236 4026 Λεύκτροις
1343 3960 1345 3965 ’

61 4043 138 4120 μάχῃ
157 4040 175 4114 ἢ
193 4050 372 4118 λειπομένων.
401 4046 533 4116 (Gilbert‚
558 4045 607 4101 Gr.
632 4045 737 4100 Staats.
761 4047 839 4115 140,
858 4064 891 4101 eo
910 4052 1040 4118 tempore
1060 4046 1235 4117 15008Ρ111·

61 4144 147 4192 tanos
166 4136 256 4191 fuisse
275 4135 435 4206 existimat3
465 4135 514 4206 qui
541 4135 566 4189 ei
591 4152 692 4189 verum
720 4135 807 4206 vidit,
839 4143 980 4208 quantum
1010 4136 1058 4191 ille
1089 4133 1235 4203 erraverit,

60 4231 190 4299 apparet.

167 4331 196 4404 3)
224 4333 283 4388 efr.
312 4351 384 4404 quae
413 4332 448 4387 de
475 4331 635 4404 Herippide
664 4331 734 4387 dicit
761 4333 792 4388 ΙΙ
816 4335 849 4387 11
879 4352 944 4388 cum
972 4332 1047 4386 Hell.
1075 4332 1121 4386 III
1143 4332 1169 4400 4,
1187 4333 1236 4400 20,

64 4424 105 4479 IV
125 4427 150 4492 3,
171 4423 217 4492 15,
237 4440 310 4494 quae
329 4421 363 4477 de
382 4421 518 4493 Agesilao
537 4422 620 4478 1122
638 4439 706 4476 cum
726 4422 803 4477 Hell.
822 4423 864 4479 VI
882 4423 908 4492 4,
927 4424 952 4478 5.
1283 4492 1356 4528 Δ
