2880 4852
518 274 559 284 ..
606 234 649 303 63
695 275 737 286 „.

69 417 361 504 161166666017166
392 421 453 487 Ac.
475 423 552 486 Ber.
569 421 632 485 LX
649 374 727 503 63l3
763 419 893 485 LXXX
912 414 988 502 158)
1026 415 1213 483 Anabasim

70 548 126 590 cum
139 528 301 592 Scillunte
317 528 509 614 Xenophon
533 529 601 592 iam
625 528 783 613 expulsus
809 532 897 591 esset
921 526 1048 610 (itaque
1074 525 1212 591 sirecte

69 654 92 717 p.
111 634 333 719 2716116661,
356 612 434 721 6661
461 658 490 700 6.
516 634 604 719 371),
640 635 865 720 conscriptam
889 655 961 697 esse
997 638 1211 696 censuerunt.

10 788 25 832 ,,
71 738 192 816 Quorum
215 738 355 808 Grotius
380 742 517 827 quidem
531 741 582 806 de
605 742 669 806 1166
704 764 764 806 666
799 741 968 805 sententia
1002 738 1112 804 fusius
1142 762 1212 804 non

72 844 240 933 disputavit,
259 849 482 915 Schenkelius
495 849 757 933 Xenophontem
770 848 799 911 si
811 848 869 912 illo
881 830 1038 933 tempore
1047 845 1213 911 Scillunte

19 1007 30 1044 ,3
71 949 238 1040 habitasset,
262 955 370 1021 Anab.
395 956 427 1021 V
451 957 482 1040 3,
506 956 526 1019 9
551 962 586 1019 61
612 956 652 1018 10
675 978 745 1020 666
769 953 969 1041 imperfecta
997 953 1104 1019 forma
1137 975 1213 1018 ver-

10 1092 32 1151 6
71 1056 162 1124 borum
174 1083 316 1127 usurum
339 1062 444 1146 fuisse
468 1062 563 1143 dicit,
588 1061 647 1126 sed
663 1062 906 1147 praesentibus.
933 1060 1001 1126 Sed
1017 1060 1213 1146 Xenophon
1278 1091 1279 1095 ¹

71 1169 214 1250 praesenti
236 1168 408 1253 historice,
433 1191 498 1254 666
515 1170 555 1246 ἐξ
570 1170 589 1239 7
603 1171 670 1234 618
693 1191 747 1233 166
770 1169 933 1252 narravit,
957 1168 1061 1232 misso
1085 1169 1103 1245 §
1126 1168 1146 1232 9
1171 1167 1214 1232 61
1303 1188 1307 1193 ·

20 1329 32 1368 ,
64 1273 203 1339 'arietum
225 1276 378 1359 transiit,
415 1298 491 1340 cum
526 1275 631 1340 dicat:
669 1267 807 1359 ἐποίησε
842 1268 877 1334 δὲ
911 1268 967 1334 καὶ
1002 1265 1115 1353 βωμόν
1138 1280 1212 1356 etc,

12 1435 29 1474 ,3
70 1399 146 1462 quare
168 1381 380 1468 imperfectis
413 1383 481 1447 illis
509 1382 598 1446 nihil
626 1381 719 1446 aliud
747 1381 935 1466 significari
971 1382 1137 1464 existimo,
1175 1403 1214 1445 ac

12 1542 27 1582 ι,
68 1488 175 1574 saepius
202 1488 294 1554 facta
317 1512 389 1554 esse
414 1512 499 1574 6666
527 1490 568 1554 16
596 1488 715 1554 diebus
744 1488 842 1554 festis
870 1489 1084 1573 filiorumque
1111 1511 1213 1553 vena-

11 1648 19 1685 ,
67 1591 192 1660 tionibus
208 1596 280 1660 illic
294 1595 498 1661 referuntur.
534 1596 700 1661 Soillunte
708 1589 731 1675 1)
748 1596 854 1680 igitur
870 1601 949 1660 ante
967 1602 1167 1660 autumnum
1183 1619 1211 1659 6.

10 1756 15 1775 ,,
66 1699 121 1785 371,
143 1702 213 1787 sed,
238 1726 314 1768 cum
331 1703 464 1789 saepius
481 1702 549 1768 iam
564 1703 761 1789 Xenophon
778 1703 1027 1768 anniversarios
1044 1703 1120 1767 11166
1141 1701 1213 1767 1166

66 1803 148 1873 festos
182 1833 210 1874 a.
243 1810 308 1874 383
343 1811 519 1875 1661116166
556 1810 766 1894 celebrasset,
803 1815 931 1896 posta.
956 1809 1214 1874 380Anabasis

68 1916 229 2001 composita
252 1923 313 1982 661.
361 1919 420 1984 >Ut
453 1939 535 1982 vero
570 1939 644 1981 eam
677 1940 747 1982 666
774 1917 887 2002 paullo
911 1923 1039 2002 posta.
1065 1917 1131 1980 380
1155 1916 1214 1981 661

69 2017 119 2106 ipso
140 2023 210 2088 fere
235 2047 264 2089 a.
289 2024 500 2088 37161666
524 2025 754 2109 compositam,
779 2031 814 2088 at
838 2025 1032 2108 evulgatam
1055 2023 1213 2107 iudicem,

67 2130 400 2215 616116666116061,
425 2129 604 2216 6661666
627 2138 778 2216 16616616
803 2131 930 2218 6611616
952 2138 1013 2215 661,
1038 2153 1076 2195 66
1099 2154 1215 2215 regem

65 2230 223 2302 Persarum
246 2237 392 2302 amicum
415 2237 539 2303 habere
555 2238 900 2304 Lacedaemoniorum
924 2237 1097 2303 intererat.
1136 2239 1215 2302 Dis·

67 2338 217 2410 simulavit
238 2344 329 2409 enim
345 2345 537 2430 Xenophon
554 2345 637 2430 Cyri
654 2345 696 2410 ad
708 2344 992 2410 Lacedaemonios
1008 2345 1215 2431 legationem

10 2513 15 2522 ,
66 2444 155 2525 (Diod.
179 2452 264 2528 XIV
294 2448 348 2534 19)
382 2474 453 2516 666
486 2453 599 2517 611666
628 2475 728 2538 quam
756 2452 920 2517 auxilium
945 2453 1034 2537 Cyro
1069 2452 1111 2517 ab
1145 2452 1215 2516 illis

10 2608 20 2645 3
67 2555 193 2644 missum,
228 2581 339 2643 66666
362 2558 453 2623 6616
489 2559 712 2646 Chirisophus
747 2559 875 2624 milites
910 2582 987 2624 suos
1022 2559 1217 2645 collegisset

10 2726 20 2749 .=
67 2652 479 2749 aparuit(Anab.14‚'3).
526 2667 674 2731 Maxime
697 2689 778 2732 vero
802 2689 918 2751 regem
941 2667 1120 2731 Persarum
1144 2666 1214 2730 suis

10 2818 21 2856 3
66 2768 144 2836 rebus
169 2771 344 2838 faventem
377 2771 501 2837 habere
525 2795 553 2838 a.
579 2774 642 2837 371
667 2773 1011 2838 Lacedaemoniorum
1040 2773 1213 2858 intererat,

13 2937 19 2944 .
64 2895 122 2942 eum
142 2879 235 2965 66616
257 2879 471 2944 renovandae
495 2902 595 2944 causa
617 2881 723 2964 legati
746 2881 951 2945 Graecorum
974 2902 1090 2944 mense
1114 2880 1213 2944 Iunio

10 3024 12 3032 ν
63 2981 147 3062 (Ρ161.
171 2985 275 3072 Ages.
301 2987 357 3070 283
394 2988 532 3052 Curtius
560 2988 614 3052 ΠΙ
642 2988 720 3070 294,
757 2988 862 3054 (11616
885 2989 918 3052 X
942 2985 1021 3070 222)
1057 2987 1213 3073 Spartam

59 3094 276 3176 convenirent,
313 3116 378 3178 666
413 3101 447 3158 61
475 3095 548 3180 1666
577 3094 782 3159 Artaxerxes
805 3096 958 3180 legatum
980 3094 1076 3158 misit
1100 3093 1212 3173 (Diod.

54 3195 110 3265 XV
139 3195 206 3282 50).
256 3199 330 3276 Qua
362 3202 494 3266 ratione
530 3201 597 3265 iam
631 3202 828 3286 Kruegerus
864 3201 1068 3282 (Anthentia
1102 3200 1211 3265 Anab.

52 3326 78 3392 p.
101 3303 186 3391 4n.)
210 3314 397 3372 commotus
423 3315 488 3392 est,
511 3314 551 3373 ut
574 3308 725 3372 1611616
749 3315 893 3395 1616666,
918 3330 1120 3393 quamquam
1143 3330 1214 3373 non

48 3413 117 3479 6166
141 3415 254 3500 611666
277 3415 503 3480 haesitatione
528 3414 713 3480 Anabasim
735 3415 887 3481 referret.
934 3416 1053 3500 Itaque
1078 3415 1213 3480 Anaba-

45 3520 107 3586 sim
131 3521 200 3585 iam
222 3527 323 3586 antea
345 3519 487 3587 sortasse
511 3522 737 3607 conscriptam
759 3545 840 3587 vere
863 3545 891 3587 a.
918 3523 980 3586 371
1004 3522 1153 3608 61116616
1176 3522 1214 3586 16

42 3629 165 3714 vulgus
189 3628 317 3694 editam
341 3651 413 3693 esse
437 3634 528 3714 pute.
562 3629 647 3693 Tam
663 3651 736 3694 sero
754 3636 867 3694 autem
882 3635 921 3694 ut
938 3651 1014 3693 suas
1030 3652 1083 3693 res
1099 3635 1213 3714 gestas

150 3858 179 3926 1)
214 3855 364 3912 Nitsohius
382 3862 459 3911 reete
478 3856 593 3927 quidem
618 3856 765 3927 iudicavit,
793 3857 843 3911 sed
862 3863 1033 3928 argumento
1059 3876 1118 3913 non
1143 3857 1214 3912 satis

40 3948 128 4003 firmo
146 3946 322 4002 sententiam
342 3964 424 4000 suam
443 3946 585 4017 probavit,
615 3946 664 4016 661
689 3963 724 4000 ex
743 3946 879 4017 perfectis
898 3948 962 4015 §13
980 3946 1118 4000 adhibitis
1137 3940 1215 4013 (ναὸς

40 4041 170 4091 εἴκασται
189 4066 221 4074 -
242 4029 344 4098 ξόανον
362 4032 473 4100 ἕστηκεν
493 4066 524 4073 -
545 4029 626 4101 στήλη
639 4034 760 4105 ἕστηκεν)
779 4036 932 4105 066016111,
951 4036 982 4090 16
1000 4035 1214 4106 ipsaScillunte

37 4126 268 4199 Xenophontem
286 4125 358 4178 haec
377 4123 524 4194 scripsisse
542 4123 571 4193 (l.
590 4125 608 4177 1.
628 4143 654 4195 p.
674 4125 730 4194 42).
758 4125 900 4179 Sacellum
917 4124 1002 4194 enim,
1020 4124 1213 4193 simulacrum,

36 4216 145 4272 titulus
165 4213 256 4287 lapidi
273 4213 382 4268 incisus
401 4213 450 4268 illo
469 4213 588 4284 expulso
606 4219 783 4284 manserunt,
803 4232 869 4268 eum
888 4231 980 4284 66666
998 4213 1146 4283 regionem
1164 4230 1214 4267 va-

35 4310 150 4361 statam
170 4320 233 4359 6666
246 4302 386 4357 1161111116
400 4302 447 4372 611,
467 4307 496 4356 61
509 4302 570 4357 sive
582 4302 643 4373 ipse
661 4303 821 4357 Pausanias
839 4303 900 4358 sive
918 4302 1001 4358 testis
1020 4303 1081 4356 eius
1100 4303 1212 4358 aedicu-

36 4397 100 4451 lum
119 4394 184 4466 ipse
203 4392 309 4447 viderit
329 4392 425 4462 (Paos.
445 4393 470 4446 V
490 4392 569 4461 (11).
