2880 4852
592 253 813 316 -22-

115 451 222 494 anuos
240 436 481 495 commoratum
498 435 533 494 et
546 431 783 516 agriculturae,
797 431 983 514 venationi,
996 432 1119 496 litteris
1137 431 1292 495 deditum

117 536 320 623 scriptorum
343 559 503 622 magnam
525 544 657 623 partem
674 537 902 626 composuisse
924 539 1029 602 altera
1049 538 1291 629 disputationis

114 649 250 710 nostrae
272 650 369 730 parte
385 643 692 709 demonstrabimus
709 642 783 728 (cfr.
801 645 972 710 Plutarch.
994 645 1035 709 de
1052 646 1153 710 exilio
1171 669 1198 710 c.
1218 645 1290 728 14);

115 750 402 816 Lacedaemonios
425 773 506 816 vero
531 743 707 834 προξενίαν
727 774 860 836 quoque
882 752 914 815 ei
931 752 1064 816 dedisse
1081 752 1110 816 si
1125 753 1294 817 Dinarchi

116 858 317 923 auctoritate
353 858 449 922 nisus
476 858 650 943 Diogenes
686 858 845 922 Laertius
880 858 1029 923 affirmat
1068 859 1122 938 (D.
1158 861 1194 924 Π
1222 855 1291 943 51),

116 965 180 1030 hoo
204 988 274 1030 non
289 988 363 1050 ,quo
386 972 538 1052 tempore
562 966 620 1030 1116
644 966 760 1050 tradit,
784 989 908 1052 nempe
932 966 1069 1030 661616
1093 966 1177 1031 Asia
1200 967 1293 1052 apud

115 1071 315 1157 Agesilaum
337 1079 540 1157 versaretur,
566 1073 793 1137 16616616666
818 1073 991 1157 existim0,
1015 1072 1076 1136 sed
1105 1096 1182 1137 cum
1206 1074 1293 1138 Scil-

116 1180 213 1244 lunte
245 1179 470 1264 consedisset,
507 1202 584 1244 cum
612 1180 665 1244 1111
694 1180 854 1265 proxenis
884 1180 955 1244 suis
982 1181 1077 1244 velut
1106 1180 1293 1244 emissariis

116 1286 388 1371 delatoribusque
416 1287 470 1351 usi
499 1309 572 1351 esse
596 1286 778 1351 videantur
802 1286 875 1367 (cfr.
896 1286 1103 1372 Polydamas
1123 1287 1294 1352 Pharsalii

115 1392 302 1458 orationem
326 1394 415 1458 Hell.
440 1393 491 1459 VI
515 1394 543 1476 l,
570 1393 623 1472 4.).
670 1393 722 1458 Eo
750 1415 831 1458 vero
859 1394 933 1479 ipso
961 1399 1113 1480 tempore
1143 1417 1185 1458 ex
1208 1394 1295 1459 Asia

116 1500 338 1586 Megabyzus,
363 1501 494 1565 Dianae
509 1499 681 1587 Ephesiae
704 1500 763 1565 1116
786 1500 952 1586 pontifex,
977 1501 1136 1587 Olympia
1160 1509 1294 1588 specta-

115 1614 210 1672 turus
234 1608 332 1672 venit
360 1604 483 1691 (Anab.
505 1608 538 1672 V
558 1608 589 1692 3,
612 1609 647 1686 73
676 1608 777 1693 Diog.
802 1608 839 1671 ΙΙ
862 1609 904 1671 52
928 1601 1013 1668 κατὰ
1036 1599 1209 1692 πρόφασιν
1232 1608 1293 1692 τῆς

117 1706 353 1800 πανηγύρεως),
377 1713 669 1799 Xenophontique
687 1737 761 1778 eam
776 1715 965 1800 pecuniam,
990 1738 1091 1800 quam
1107 1738 1184 1779 oum
1200 1715 1295 1800 Age-

117 1822 200 1887 61166
235 1845 263 1886 6.
294 1821 360 1885 394
393 1821 431 1885 16
458 1821 632 1907 Europam
666 1819 881 1907 profecturus
916 1822 1046 1907 Ephesi
1082 1822 1295 1908 deposuerat,

115 1928 275 1993 reddidit.
336 1927 433 2004 Quod
460 1950 480 1992 a
509 1929 584 2012 384,
621 1950 687 2012 quo
722 1928 831 2013 prima
865 1934 943 2015 post
978 1952 1097 2015 pacem
1132 1929 1297 2015 Olympia

118 2035 285 2100 celebrata
314 2041 407 2118 sunt,
444 2035 573 2100 factum
611 2057 684 2099 esse
713 2057 790 2099 cum
817 2035 973 2100 Nitschio
998 2036 1172 2100 consentio
1209 2035 1296 2116 (Ab-

118 2141 196 2207 fass.
222 2142 254 2207 d.
279 2141 369 2206 Hell.
393 2166 426 2229 p.
453 2137 520 2224 54).
566 2142 639 2219 Qua
663 2165 705 2206 ex
728 2142 872 2227 pecunia
895 2143 953 2206 ille
977 2143 1137 2206 sacellum
1160 2143 1295 2207 Dianae

115 2248 285 2335 Ephesiae
314 2248 564 2314 aedificandum
592 2249 725 2313 curavit
749 2256 783 2312 et
805 2249 1055 2314 anniversarios
1084 2249 1157 2313 dies
1186 2248 1295 2315 festos

117 2355 266 2442 agendos
290 2356 443 2420 instituit
467 2352 546 2439 (An.
572 2356 605 2421 V
628 2357 658 2441 3,
684 2357 703 2420 7
728 2352 814 2441 sqq).
853 2355 926 2432 Qua
950 2379 992 2420 ex
1014 2379 1051 2420 re
1075 2357 1134 2440 qui
1158 2359 1296 2421 caus‘am

116 2462 373 2549 Xenophontis,
392 2463 434 2528 cb
469 2462 633 2550 pietatem
669 2485 749 2548 erga
785 2462 864 2527 deos
893 2463 1056 2527 laudandi
1088 2463 1231 2546 ducunt,
1270 2464 1296 2528 ii

116 2570 211 2635 illam
226 2571 406 2656 pecuniam
421 2592 491 2634 non
507 2570 615 2657 ipsius
628 2569 743 2652 fuisse,
762 2569 822 2635 sed
838 2575 918 2634 6616
934 2570 1082 2634 sedecim
1098 2570 1170 2634 1616
1186 2593 1296 2635 66666

118 2678 151 2743 61
167 2677 329 2742 traditam
346 2700 419 2742 esse
433 2678 635 2763 neglegunt.
673 2676 839 2741 Praedam
855 2677 947 2741 enim
964 2700 1041 2741 curn
1065 2701 1093 2742 a.
1109 2678 1176 2741 400
1193 2678 1295 2743 Cera·

119 2791 219 2850 sunte
243 2785 366 2850 Graeci
390 2783 650 2868 distribuerent,
680 2783 856 2848 decumam
877 2783 1033 2870 Apollini
1056 2784 1294 2873 Ephesiaeque

117 2892 248 2957 Dianae
271 2890 396 2956 factam
420 2891 563 2957 ducibus
588 2890 791 2956 servandam
814 2886 1073 2975 tradiderunt1).
1112 2891 1228 2976 Atque
1254 2915 1295 2955 ex

117 3021 156 3063 ea
179 2999 317 3084 quidem
340 3006 450 3083 parte,
476 3021 560 3084 quae
590 2998 747 3085 Apollini
775 2997 946 3062 destinata
974 3005 1060 3082 erat,
1095 2998 1295 3084 Xenophon

117 3094 276 3189 ἀνάθημα
315 3096 541 3190 ντοιηοοῖμενος
576 3094 774 3190 ἀνατίθησιν
807 3097 854 3178 εἷς
888 3097 945 3165 τὸν
980 3100 1013 3164 ἐν
1048 3100 1194 3190 Δελφοῖς
1229 3105 1295 3165 τῶν

114 3201 303 3297 Ἀθηναίων
330 3205 509 3297 θησαυρόν,
538 3213 670 3277 Dianae
701 3235 781 3278 vero
814 3219 947 3299 partem
979 3235 1088 3297 neque
1124 3213 1294 3297 quomodo

117 3319 288 3407 Apollinis
312 3319 472 3406 Delphos,
501 3319 550 3384 ita
579 3319 667 3384 hanc
697 3319 872 3404 Ephesum
897 3343 1047 3404 —quae
1075 3319 1156 3384 urbs
1185 3320 1294 3385 multo

117 3427 230 3492 minus
246 3432 375 3491 remota
390 3433 463 3491 erat
475 3463 517 3471 —-
530 3426 635 3510 misit,
648 3428 760 3512 n'eque
776 3427 1015 3513 cumprimum
1032 3427 1105 3512 ipse
1115 3426 1294 3513 Ephesum

117 3533 272 3599 venisset
297 3534 375 3618 (quo
399 3533 542 3598 16116666
566 3533 634 3615 1616
659 3556 687 3598 a.
713 3534 789 3618 399,
814 3556 890 3597 curn
915 3533 1069 3598 Thibron
1104 3535 1293 3599 exercitum

120 3640 336 3726 Dercyllidae
353 3641 504 3706 traderet
516 3640 560 3706 61.
573 3641 663 3705 Η611.
681 3641 735 3704 ΙΠ
750 3643 778 3724 l,
794 3642 824 3723 8,
839 3649 930 3705 certe
943 3640 1142 3726 Agesilaum
1155 3648 1293 3706 secutus

117 3772 146 3814 a.
171 3750 236 3813 396
260 3748 358 3813 venit
382 3748 493 3814 611Π
519 3749 552 3833 4,
575 3749 606 3813 4.
640 3746 706 3833 15),
742 3747 923 3832 dedicavit,
959 3747 1018 3812 sed
1041 3739 1174 3831 Ιαενετὴν
1209 3739 1293 3808 θεάν

118 3862 228 3939 16166,
254 3855 435 3940 quominus
458 3856 622 3921 retineret
644 3855 804 3940 religioni
826 3877 897 3919 non
920 3854 1048 3919 habuit.
1080 3855 1128 3918 Et
1150 3878 1197 3919 ne
1219 3861 1294 3919 tum

118 3963 266 4049 quidem,
291 3985 367 4027 cum
392 3963 470 4049 ipse¹
486 3986 528 4027 ex
543 3963 627 4029 Asia
644 3962 837 4046 (1616116161,
861 3963 954 4027 Deae
971 3962 1075 4046 dedit,
1100 3962 1159 4026 sed
1175 3962 1294 4049 Mega

117 4071 204 4157 byzo
228 4093 267 4134 ea
291 4069 490 4135 condicione
514 4071 715 4135 servandam
739 4069 891 4154 tradidit,
916 4076 955 4133 ut
972 4069 1001 4133 si
1018 4069 1091 4155 ipse
1108 4069 1294 4134 incolumis

224 4317 251 4387 l)
289 4317 343 4370 An.
359 4318 385 4371 V
400 4319 425 4386 3,
439 4317 470 4370 4:
489 4309 537 4383 τὴν
556 4310 672 4382 δεκάτην
692 4315 821 4383 διέλαβον
834 4320 861 4367 οῖ
874 4321 1021 4386 στρατηγοὶ
1036 4309 1065 4368 τὸ
1079 4320 1165 4387 μέρος
1179 4314 1293 4376 ἕκαστος

15 4420 22 4477 ¹,
121 4400 267 4480 φυλάττειν
285 4411 342 4464 τοῖς
360 4412 445 4465 θεοῖς.
