2880 4852
604 192 825 256 „92-

129 371 233 435 nullis
245 371 322 436 aliis
336 371 556 457 argumentis,
581 392 681 455 quam
706 393 791 456 quae
807 369 986 456 Hagenius
1010 354 1181 454 attulerat,
1207 369 1306 434 nisus

129 477 253 543 librum
265 484 342 565 post
353 500 472 564 pacem
483 477 734 543 Philocrateam
747 477 884 563 quidem
895 477 1026 562 initam,
1045 477 1104 542 sed
1120 485 1306 562 antequam

128 585 255 651 bellum
268 608 399 650 sacrum
413 585 634 650 conficeretur
646 608 675 650 a.
690 586 755 650 346
769 585 992 672 compositum
1009 585 1095 650 dicit
1109 585 1200 650 Phil.
1219 585 1306 650 XLI

129 689 220 776 224).
246 693 356 770 Quare
366 693 517 777 Hagenii
529 698 728 778 argumenta
740 715 939 779 percensere
952 697 1053 776 atque
1066 691 1203 778 singula
1214 692 1306 758 refu-

131 805 204 865 tare
217 823 236 864 a
248 821 284 865 re
296 801 470 886 proposita
482 822 552 865 non
564 800 713 865 alienum
726 800 820 865 duco.
852 801 915 864 Π16
927 799 1020 864 enim
1032 799 1175 864 eandem
1186 823 1308 886 paoem

129 908 179 973 IV
193 908 238 972 40
262 912 297 972 61
312 909 344 974 V
363 907 403 971 12
427 908 681 972 commemorari
704 930 844 993 neganS,
867 907 918 975 IV
932 908 1078 992 406611,
1096 929 1162 992 qua
1177 906 1308 972 bellum

130 1015 253 1080 sociale
276 1037 305 1080 6.
330 1015 395 1078 355
419 1013 612 1080 confectum
636 1020 701 1099 est,
726 1017 758 1082 V
784 1015 824 1079 12
849 1037 932 1099 eam,
957 1035 1042 1099 quae
1066 1037 1086 1078 a
1108 1014 1308 1079 Philocrate

128 1145 254 1187 nomen
278 1122 368 1206 tulit,
405 1145 432 1186 a.
463 1123 528 1186 346
563 1122 685 1186 initam
720 1122 930 1188 intellectam
957 1122 1034 1187 vult
1062 1126 1097 1185 et
1123 1127 1309 1207 postquam

129 1229 212 1295 haec
223 1235 323 1316 pacta
336 1235 425 1294 esset
438 1234 588 1295 extremo
601 1252 718 1294 mense
726 1228 987 1315 Scirophorione
1000 1228 1126 1294 librum
1139 1228 1310 1315 scriptum

130 1336 223 1402 dicit.
266 1336 363 1413 Quod
378 1342 417 1400 ut
433 1335 500 1401 sibi
515 1335 744 1423 persuaderet,
768 1335 822 1400 his
844 1335 915 1400 fere
930 1322 1119 1401 rationibus
1136 1335 1308 1401 adductus

130 1449 192 1509 est.
238 1445 392 1509 Primum
421 1445 513 1508 enim
536 1445 568 1509 V
594 1445 635 1508 12
663 1467 780 1531 pacem
804 1443 1031 1528 significatam
1056 1466 1129 1508 6666
1153 1451 1307 1530 apparet,

136 1575 202 1637 qua
218 1573 310 1616 mare
326 1557 483 1638 pacatum
500 1557 565 1634 est,
582 1552 633 1618 IV
644 1552 690 1616 40
705 1573 786 1616 vero
803 1551 983 1636 Hagenius
1000 1551 1128 1616 bellum
1144 1556 1309 1616 terrestre

130 1660 186 1724 vel
209 1658 336 1724 bellum
360 1658 451 1744 quod
473 1664 563 1722 terra
586 1658 738 1743 marique
761 1665 902 1742 gestum
921 1658 981 1742 sit,
1017 1649 1212 1722 confectum
1237 1657 1308 1723 dici

128 1772 236 1853 putat,
261 1789 338 1831 cum
362 1788 445 1851 quos
469 1771 649 1851 apparatus
673 1765 818 1852 scriptor
842 1765 885 1830 ad
908 1764 1023 1830 futura
1046 1764 1136 1830 bella
1156 1764 1308 1830 feliciter

129 1872 279 1960 gerenda
309 1872 524 1938 commendat
550 1873 601 1939 IV
622 1873 778 1956 42-48,
815 1873 841 1937 11
868 1872 997 1938 bellum
1023 1878 1199 1956 terrestre,
1236 1895 1307 1937 non

129 1981 250 2046 navale
274 1980 468 2066 respiciant.
502 1980 576 2057 Qua
600 1979 637 2044 in
659 2002 696 2043 re
720 2002 855 2065 prorsus
871 1980 930 2045 ille
945 1978 1138 2064 neglexisse
1154 1979 1304 2064 videtur,

130 2087 219 2173 quod
235 2089 254 2166 ξ
270 2087 314 2151 42
330 2094 446 2152 auctor
461 2086 559 2152 dicit:
588 2078 717 2160 πολλὰς
740 2081 799 2164 μὲν
822 2078 882 2170 γὰρ
905 2085 981 2160 νοῦς
1002 2083 1150 2172 πληροῦν
1167 2080 1303 2169 [πολλοὶ

129 2183 318 2279 ἄνθρωποι]
356 2186 462 2255 ἱκανοὶ
498 2181 537 2254 ὅν
570 2182 634 2255 εἷεν
668 2186 825 2279 δημοσίᾳ·
866 2193 988 2279 quibus
1029 2194 1143 2260 verbis
1177 2194 1306 2259 bellum

128 2302 338 2367 maritimum
371 2301 498 2389 respici
533 2324 633 2367 nemo
668 2301 819 2387 negabit.
866 2302 985 2387 Neque
1018 2324 1060 2366 ex
1088 2324 1127 2366 ea
1153 2325 1191 2366 re
1215 2301 1306 2386 quod

128 2411 322 2497 proximum
355 2409 482 2474 bellum
516 2415 607 2473 terra
634 2409 764 2474 marive
792 2415 929 2495 gestum
956 2409 1000 2474 iri
1027 2409 1171 2495 scriptor
1195 2410 1304 2496 suspi-

130 2524 235 2602 catur,
260 2516 302 2582 de
326 2540 364 2582 eo
390 2516 480 2602 quod
503 2515 696 2582 confectum
719 2521 771 2580 est
794 2515 883 2582 bello
900 2516 1065 2582 iudicium
1081 2516 1163 2581 ferri
1179 2522 1303 2603 potest.

129 2624 264 2690 Deinde
287 2623 320 2690 V
340 2626 380 2689 12
404 2647 519 2689 omnes
543 2623 749 2710 reipublicae
770 2645 850 2710 opes
870 2624 959 2690 bello
981 2625 1170 2708 exhaustas,
1193 2625 1245 2690 IV
1260 2625 1304 2687 40

131 2757 173 2798 ex
196 2733 404 2820 temporibus
422 2739 602 2818 antequam
618 2754 684 2817 pax
700 2731 965 2796 constitueretur
981 2730 1111 2816 aliquid
1127 2753 1304 2818 superesse

131 2840 337 2927 ascriptore
368 2839 438 2905 dici
466 2838 644 2925 Hagenius
680 2837 872 2917 contendit3
909 2838 970 2903 sed
1005 2861 1182 2925 perperam
1218 2861 1304 2923 quae

130 2949 237 3014 IV40
260 2950 421 3033 leguntur
444 2948 688 3033 interpretatus
709 2951 774 3010 est:
799 2968 868 3010 non
884 2946 1064 3032 pecuniam
1081 2945 1172 3016 enim
1189 2967 1304 3031 super-

132 3078 205 3120 esse
229 3056 288 3120 ille
312 3054 410 3140 dicit,
440 3054 499 3119 sed
523 3077 564 3119 ex
587 3052 756 3140 prioribus
780 3052 947 3119 reditibus
971 3053 993 3118 i.
1019 3064 1046 3117 e'.
1076 3053 1305 3138 ,1111161116-

131 3157 286 3248 quellen“
312 3162 466 3248 proximo
484 3183 616 3247 quoque
632 3184 721 3251 anno
737 3150 981 3245 rempublicam
998 3159 1307 3225 administrandam

132 3293 219 3354 esse,
245 3293 329 3356 quae
345 3270 508 3356 pecuniae
524 3269 733 3334 necessariae
750 3275 874 3353 essent,
891 3275 931 3334 ut
947 3291 995 3352 ea,
1014 3290 1098 3353 quae
1114 3267 1158 3332 ad
1173 3267 1306 3333 reditus

131 3377 338 3464 reipublicae
362 3376 534 3462 augendos
559 3382 714 3463 suscepta
737 3377 821 3460 vult,
846 3376 1101 3462 perficerentur,
1126 3397 1181 3440 eas
1197 3397 1269 3440 non
1286 3399 1307 3441 a

133 3484 265 3550 civibus
293 3485 382 3551 bello
413 3485 541 3550 attritis
577 3483 745 3571 exigenda
780 3505 868 3568 esse,
904 3482 965 3548 sed
1000 3506 1043 3547 ex
1077 3482 1308 3569 vectigalibus

133 3593 420 3677 commerciorum,
456 3615 541 3677 quae
575 3615 657 3678 pace
692 3591 783 3656 facta
818 3585 1069 3676 augerentur.1)
1104 3627 1146 3635 -
1184 3590 1309 3675 Neque

132 3700 258 3765 rectius
281 3700 459 3784 Hagenius
483 3699 685 3785 disputavit,
722 3720 799 3763 cum
822 3700 854 3765 V
881 3698 920 3762 12
943 3696 1075 3762 reditus
1098 3697 1310 3784 reipublicae

133 3807 203 3872 iam
227 3813 342 3871 auctos
367 3805 555 3892 designari,
587 3807 638 3872 IV
660 3806 706 3870 40
729 3805 929 3893 scriptorem
952 3827 1087 3891 sperare
1111 3804 1310 3890 contendat,

134 3913 206 3980 fore
234 3920 274 3979 ut
301 3914 431 3979 reditus
455 3919 654 4000 augeantur.
701 3913 777 3977 11116
813 3912 905 3977 enim
939 3911 1123 3998 vectigalia
1156 3912 1311 3997 portoria

244 4091 270 4159 1)
308 4095 344 4142 Εἰ
373 4088 399 4140 tl'
426 4083 460 4140 ari
487 4082 535 4142 11111
563 4083 610 4148 τὰς
637 4091 667 4142 ἐν
693 4088 731 4157 τῷ
758 4087 808 4140 νῦν
835 4091 948 4159 πολέμῳ
970 4091 1155 4158 γεγενημένας
1174 4081 1312 4159 εἰσφορὰς

134 4179 252 4252 νομίζετ’
282 4171 316 4231 ἂν
342 4177 410 4250 μηδ’
438 4171 531 4254 ‹istoria›
558 4172 699 4231 δύνασθαι
728 4182 900 4246 εἰσενεγκεῖν,
929 4169 1007 4248 ὑμεῖς
1035 4167 1089 4228 ὅσα
1112 4176 1166 4248 μὲν
1188 4169 1312 4248 πρὸτῆς

136 4262 241 4340 εἰρήνης
255 4262 387 4340 χρήματα
407 4260 515 4338 εὕρισκε
535 4260 567 4320 τὰ
586 4271 653 4334 τέλη,
675 4261 730 4320 ἀπὸ
744 4261 883 4320 τοσούτων
896 4269 942 4318 καὶ
955 4258 985 4318 τὸ
1005 4258 1086 4318 ἐπιὸν
1104 4265 1163 4325 ἔτος
1176 4264 1310 4321 διοικεῖτε

134 4351 182 4425 την
201 4353 289 4413 πόλιν·
311 4349 363 4411 ὅσα
383 4357 410 4411 δ’
431 4349 464 4410 ἂν
484 4360 630 4431 ἐφευρίσκη
650 4350 699 4410 (lad
718 4350 748 4409 τὸ
768 4350 875 4429 εἰρήνην
895 4355 966 4410 εἶναι
985 4361 1039 4413 616.
