2880 4852
533 258 753 325 ...33...

54 465 89 506 n.
115 441 191 521 20).
240 442 367 506 Contra
393 464 463 506 non
496 448 560 524 est,
596 462 755 506 curcum
778 439 1044 504 Wilamowitzio
1074 439 1096 504 l.
1121 439 1143 504 l.
1168 460 1228 525 pro

55 549 238 614 Stesiclide
273 541 512 633 Κτησικλείδης
546 548 568 611 1.
603 571 630 612 0.
667 543 855 631 Κτησικλῆς
890 547 1090 631 scribamus,
1126 569 1226 631 quem

54 655 255 720 Athenaeus
280 647 426 738 Χρόνους
450 655 676 740 composuisse
701 654 786 719 dicit
810 655 873 735 (VI
896 655 1010 719 0111.
1035 654 1071 718 X
1093 653 1228 736 4410),

54 763 145 828 nihil
169 763 261 827 enim
277 762 482 848 proficimus,
507 762 536 826 si
552 784 612 847 pro
629 762 792 848 scriptore
810 762 914 826 semel
929 761 1066 826 laudato
1083 762 1228 826 alterum
1327 837 1328 840 Ἴ

55 869 318 953 introducimus,
349 869 444 934 cuius
472 869 525 934 bis
548 870 676 934 mentio
695 869 760 952 iit,
796 870 997 955 praesertim
1021 891 1098 933 cum
1120 891 1164 932 ne
1187 867 1228 932 li-

54 977 193 1042 brorum
217 976 355 1061 quidem
376 976 516 1041 nomina
539 976 657 1040 eadem
681 975 759 1041 sint.

165 1084 284 1169 Pergit
300 1076 472 1169 Diogenes
488 1084 510 1148 l.
528 1082 555 1148 l.
576 1083 630 1148 his
646 1083 774 1149 verbis:
799 1076 938 1167 τέθνηκε
962 1076 997 1142 δὲ
1013 1076 1046 1142 ἒν
1062 1074 1228 1166 Κορίνθῳ,

57 1181 169 1275 (hippos
194 1183 384 1276 Δημήτριος
408 1180 424 1251 ὁ
450 1182 603 1275 Μάγνης,
628 1179 689 1275 ἤδη
714 1182 839 1274 δηλαδὴ
863 1181 998 1274 γηραιὸς
1022 1178 1075 1250 dv.
1123 1190 1229 1255 Cuius

58 1298 256 1364 testimonio
281 1321 340 1363 cur
366 1297 469 1362 fidem
497 1297 710 1382 abrogemus,
735 1303 896 1382 nonest,
921 1319 997 1362 cum
1027 1319 1112 1381 quae
1141 1297 1229 1360 Pau-

58 1406 174 1471 sanias
195 1404 237 1469 de
257 1405 488 1491 Xenophonte
509 1400 556 1490 ab}
571 1405 665 1469 Eleis
685 1410 842 1469 10100010
865 1410 900 1468 01
916 1403 1083 1470 Scillunte
1098 1411 1230 1469 mortuo

55 1512 174 1597 tradit,
203 1535 242 1576 ea
266 1513 307 1577 ab
330 1513 425 1577 Eleis
448 1511 733 1578 110101111000101
756 1511 829 1591 (cfr.
854 1534 886 1598 p.
912 1510 977 1590 29).
1003 1547 1044 1555 -
1074 1510 1165 1588 Quid
1189 1510 1230 1574 de

55 1619 299 1706 Xenophontis
328 1627 438 1685 aetate
461 1620 655 1684 Demetrius
685 1618 864 1702 censuerit,
901 1641 943 1683 ex
970 1617 1033 1683 1100
1059 1619 1133 1683 1000
1161 1639 1231 1682 000

57 1734 209 1814 apparet,
244 1749 320 1791 cum
348 1733 382 1790 01
410 1726 687 1813 septuagenarius
703 1732 750 1790 et
776 1725 1027 1811 nonagenarius
1061 1732 1139 1812 apte
1168 1713 1229 1809 lide

57 1825 185 1919 δηλαδὴ
209 1825 343 1918 γηραιὸς
368 1821 412 1892 ὧν
434 1834 632 1919 appelletur.

165 1942 301 2025 Restat,
330 1946 369 2004 ut
393 1941 552 2005 tabellam
576 1940 848 2026 chronologicam
871 1938 1009 2025 addam,
1045 1961 1110 2024 qua
1137 1938 1231 2004 11100

56 2048 300 2134 Xenophontis
323 2054 476 2134 tempora
499 2049 715 2134 complectar:

59 2175 109 2223 00.
135 2175 166 2221 0.
189 2155 270 2221 430.
316 2155 484 2221 Nascitur
507 2155 721 2239 Xenophon.

58 2262 247 2328 leo—401.
293 2261 444 2328 Athenis
469 2258 648 2328 versatur}
930 2341 933 2350 Ι

167 2370 341 2434 Socratem
364 2365 506 2434 fortasse
530 2369 610 2433 inde
634 2369 674 2433 ab
699 2392 728 2434 0.
751 2369 818 2433 410
842 2374 999 2434 00010101.

58 2475 243 2543 401-394.
289 2477 333 2541 In
357 2475 443 2542 Asia
467 2477 667 2552 versatur„
1070 2559 1073 2565 Ι

166 2579 280 2668 40110.
326 2582 383 2647 Ad
411 2584 540 2668 Cyrum
562 2583 803 2668 proficiscitur,
833 2590 950 2648 contra
972 2605 1089 2668 regem
1112 2582 1232 2647 Persa·

274 2714 350 2755 rum
373 2713 465 2755 arma
488 2689 565 2775 fert,
591 2691 737 2756 Graecos
762 2690 805 2755 ad
827 2691 976 2755 Pontum
998 2689 1141 2755 reducit.

169 2800 243 2864 399.
290 2797 393 2884 Apud
428 2797 590 2862 Seuthem
614 2798 664 2885 ,in
692 2798 836 2862 Thracia
871 2795 1042 2883 stipendia
1074 2803 1232 2881 meretur,

276 2905 461 2980 exercitum
488 2905 525 2968 in
548 2904 666 2968 Asiam
694 2903 827 2969 reducit
856 2911 890 2968 et
918 2903 1083 2969 Thibroni
1117 2903 1232 2968 tradit.

274 3013 425 3078 Uxorem
450 3011 545 3075 ducit
567 3011 762 3076 Philesiam.

170 3121 355 3185 399-396.
403 3120 490 3184 Cum
515 3119 686 3184 Thibrone
711 3125 745 3183 et
768 3116 980 3203 Dercyllida,
1007 3116 1233 3182 Lacedaemo-

276 3229 410 3292 niorum
435 3226 576 3290 ducibus
601 3234 719 3291 contra
741 3226 862 3290 Persas
885 3226 1012 3290 bellum
1036 3224 1135 3311 gerit.

169 3336 243 3400 396.
290 3334 445 3420 Agesilai
486 3334 578 3419 regis
614 3334 778 3398 exercitui
815 3333 980 3419 praefecti
1018 3331 1146 3397 amicus
1183 3331 1233 3396 fit.

35 3501 43 3530 ·.
57 3442 248 3532 see-387.
280 3441 440 3524 Agesilai
464 3441 735 3523 expeditionum
759 3442 797 3506 in
816 3437 968 3507 Graecia
985 3441 1235 3522 susceptarum

178 3608 183 3613 .
224 3550 344 3616 socius
370 3550 435 3615 est.
1160 3610 1172 3625 „

170 3658 244 3722 394.
292 3657 379 3721 Cum
402 3655 563 3740 Agesilao
587 3655 624 3719 in
646 3656 818 3742 Europam
840 3654 944 3739 redit,
969 3654 1007 3718 in
1030 3676 1146 3740 pugne
1170 3653 1234 3718 Oo-

276 3762 415 3828 ronensi
442 3768 560 3827 contra
589 3762 681 3827 cives
710 3784 787 3826 suos
821 3784 913 3827 arma
940 3760 1023 3846 fert,
1055 3760 1235 3825 Athenis

278 3871 498 3935 damnatur.

60 3977 245 4047 ssi-371.
293 3975 469 4044 Scillunte
493 3978 671 4042 versatur.

170 4085 245 4150 384.
292 4083 502 4170 Megabyzus
532 4084 713 4169 pecuniam
747 4107 775 4149 a.
807 4083 873 4148 394
901 4083 1089 4171 depositam
1112 4080 1236 4166 reddit,

277 4192 473 4277 Xenophon
486 4191 646 4255 sacellum
659 4191 790 4274 Dianae
802 4191 972 4277 Ephesiae
988 4189 1237 4256 aedificandum

278 4308 372 4364 curat
396 4306 430 4363 et
454 4299 526 4363 dies
550 4297 655 4363 festos
679 4299 841 4364 instituit.

169 4409 234 4472 371
260 4414 431 4472 autumno.
478 4404 533 4469 Ab
557 4405 652 4469 Eleis
676 4406 842 4473 Scillunte
866 4406 1055 4492 expellitur.

1022 4510 1039 4562 3
