2880 4852
621 181 912 296 Μ-60-.-Ι

1029 320 1040 354 Ι

144 414 214 473 tem
237 406 381 472 Phidiae
413 409 603 494 exemplum
634 416 789 475 secutum
818 408 882 476 hoc
906 410 1165 496 Themistogeni
1188 411 1292 478 amasio

145 515 279 580 dedisse
303 514 396 580 dicit.
443 515 558 600 Atque
574 515 815 602 Aristophanis
832 539 964 601 quoque
981 520 1173 604 exemplum
1187 519 1292 604 optime

144 645 220 689 cum
248 630 363 687 nostro
394 631 620 708 comparatur,
655 624 714 708 qui
741 625 870 710 priores
901 624 1091 689 comoedias
1128 624 1293 690 Callistrati

143 728 403 814 Philonidisque
425 730 564 795 nomine
588 731 625 794 in
648 753 784 795 scenam
807 730 913 795 dedit.
946 732 1189 808 Quare'nostra
1204 738 1293 797 aetate

142 835 320 902 Fabricius
334 834 437 920 (Bibl.
450 859 500 922 gr.
513 839 531 902 I
548 839 578 921 3,
595 832 641 920 4),
665 836 806 902 Mitford
819 838 889 918 (Gr.
904 839 1027 903 Gesch.
1041 839 1074 904 V
1088 839 1157 902 433
1174 838 1293 924 interpr.¹

142 940 272 1028 germ),
296 945 493 1030 Kruegerus
522 944 615 1025 (Vita
637 966 669 1029 p.
690 944 745 1027 14;
769 944 935 1009 Authent.
960 944 1071 1010 Anab.
1084 968 1116 1031 p.
1133 941 1189 1028 19)
1211 945 1248 1011 Α.
1262 945 1292 1009 16

142 1049 347 1116 Gutschmid
368 1051 427 1116 11.
445 1050 710 1135 Xenophontem
728 1050 987 1136 Themistogeni
1003 1050 1191 1117 Anabasim
1210 1050 1292 1124 eden-

142 1158 220 1223 dam
250 1158 433 1223 tradidisse
462 1165 675 1223 censuerunt.
731 1157 880 1235 Quorum
910 1157 1100 1222 sententiae
1129 1181 1168 1223 eo
1200 1158 1292 1222 miuus

141 1265 301 1330 assentiri
324 1264 457 1348 dubito,
484 1264 573 1349 quod
596 1287 733 1351 prorsus
757 1265 823 1329 alia
846 1264 888 1329 de
912 1287 1012 1330 causa
1034 1264 1204 1333 Anabasis
1225 1264 1293 1330 mihi

140 1379 219 1437 ante
243 1372 497 1437 Hellenicorum
525 1371 666 1436 alteram
693 1379 827 1458 partem
855 1372 1041 1458 composita
1069 1394 1144 1436 6666
1166 1372 1293 1453 videtur.

141 1479 228 1544 (lum
252 1479 343 1543 enim
366 1479 487 1566 primis
510 1479 608 1543 libris
625 1479 891 1565 Xenophontem
914 1479 1019 1544 11111116
1042 1478 1114 1543 1616
1136 1478 1294 1565 particulis

139 1586 202 1671 uti,
239 1585 418 1673 postremis
453 1586 638 1671 permultas
666 1586 815 1650 inserere
843 1608 945 1672 supra
974 1585 1242 1651 demonstratum
1262 1584 1296 1650 sit

140 1690 186 1779 (p.
210 1694 255 1757 40
268 1692 381 1779 squ),
418 1693 497 1757 huic
525 1693 575 1757 rei
602 1715 672 1758 non
699 1693 775 1778 plus
799 1692 1010 1758 auctoritatis
1035 1714 1137 1777 quam
1161 1692 1297 1775 debetur,
1332 1768 1335 1773 ,

139 1799 288 1865 tribuere
311 1799 398 1865 mihi
420 1799 549 1883 videor,
574 1800 603 1864 si
624 1800 776 1865 eiusdem
792 1799 928 1886 generis
945 1799 1148 1884 scriptorum
1164 1806 1298 1865 aetatem
1337 1836 1339 1867 :

140 1906 204 1972 hoc
239 1908 338 1972 modo
374 1906 579 1971 constituere
615 1929 794 1992 aggressus
830 1929 907 1971 eum
939 1906 1064 1971 librum
1090 1908 1299 1993 posteriorem

140 2036 212 2077 esse
242 2013 327 2098 dice,
358 2036 423 2099 quo
453 2037 538 2098 quae
561 2013 778 2098 potissimum
811 2014 998 2099 particulae
1034 2036 1129 2078 rarae
1165 2023 1245 2081 sunt
1271 2016 1300 2079 in

137 2119 305 2206 prioribus
333 2120 485 2206 scriptis,
520 2121 677 2205 vulgares
708 2120 745 2184 in
772 2120 1029 2206 posterioribus,
1066 2143 1124 2185 eae
1161 2121 1301 2187 erebrius

135 2227 307 2312 leguntur.
342 2227 440 2304 Quod
464 2228 501 2291 in
525 2227 780 2292 Hellenicorum
804 2228 944 2293 alteram
964 2233 1098 2315 partem
1119 2228 1221 2314 cadit,
1246 2250 1302 2314 qua

137 2342 171 2399 61
186 2325 251 2419 μήν
266 2341 301 2399 61
317 2328 351 2415 γὲ
366 2325 431 2418 μήν
455 2341 488 2399 61
503 2327 614 2412 ,ieiunet
639 2335 745 2400 multo
769 2334 981 2419 frequentius
1005 2342 1187 2400 occurrunt
1211 2357 1302 2421 quam

136 2440 173 2505 in
207 2441 358 2505 Anabasi
393 2441 498 2505 altera
532 2447 627 2526 parte
662 2442 788 2532 maiore
801 2436 834 2520 1).
895 2443 1015 2527 Itaque
1050 2442 1301 2507 Hellenicorum

136 2548 275 2612 alteram
298 2553 430 2633 partem
459 2555 537 2634 post
559 2547 746 2613 Anabasim
771 2549 996 2636 conscriptam
1016 2570 1105 2613 ‘esse
1141 2549 1303 2633 existimo,

136 2661 270 2718 etcum
300 2660 462 2718 autumno
491 2678 520 2719 a.
545 2655 608 2720 371
638 2655 906 2742 Xenophontem
934 2656 1101 2722 Scillunte
1130 2659 1304 2744 expulsum

136 2783 208 2825 6666
232 2760 586 2847 demonstraverimus,
610 2762 695 2827 illud
712 2786 795 2849 opus
812 2763 970 2828 Corinthi
990 2770 1067 2849 post
1084 2787 1112 2828 a.
1130 2765 1195 2829 371
1222 2788 1304 2830 com·

133 2868 264 2953 positus
300 2891 374 2933 esse
408 2868 554 2933 videtur.
601 2869 742 2934 Arctius
777 2892 857 2934 vero
890 2876 1035 2935 aetatem
1063 2870 1136 2934 eius
1165 2871 1304 2936 circum·

134 2973 279 3040 scribere
302 2997 372 3039 non
395 2975 511 3040 audeo.

443 3175 446 3180 ’
507 3167 529 3257 5
554 3169 597 3238 17.
632 3171 687 3262 ¹Bc
711 3169 930 3240 Oeconomico.

239 3330 388 3397 Transeo
412 3331 455 3396 ad
491 3332 643 3417 scripta
671 3332 891 3416 Socratica,
928 3355 1013 3417 quae
1037 3340 1117 3397 sunt
1140 3334 1307 3399 Memora-

131 3438 228 3522 bilia,
253 3438 512 3522 Oeconomicus,
538 3439 755 3505 Convivium.
802 3441 850 3504 Et
882 3439 923 3503 de
958 3439 1012 3504 his
1048 3439 1187 3524 quidem
1224 3440 1308 3506 certi

132 3544 263 3630 aliquid
286 3545 455 3610 affirmare
479 3545 621 3610 difficile
645 3552 706 3628 661,
731 3568 808 3610 cum
831 3546 944 3610 omnia
967 3545 1038 3611 1616
1062 3547 1185 3612 aetatis
1210 3548 1308 3614 16611-

130 3652 245 3717 monia
261 3652 384 3718 desint.
415 3652 456 3717 Id
472 3676 578 3717 unum
592 3659 737 3737 constat,
752 3652 842 3737 quod
858 3652 1093 3717 Memorabilia
1105 3674 1175 3717 non
1188 3655 1309 3719 statim

128 3766 206 3844 post
230 3759 376 3824 Socratis
401 3768 554 3844 mortem,
580 3760 640 3824 sed
664 3783 741 3825 cum
765 3761 951 3845 complures
976 3760 1044 3825 iam
1066 3760 1156 3845 libri,
1182 3762 1308 3846 quibus

236 4021 263 4091 1)
301 4016 633 4095 Μήν(ρ106161ἧμήν)
653 4023 747 4093 alies,
767 4024 798 4093 γὲ
817 4018 874 4095 μήν
898 4024 997 4091 sexies
1021 4027 1117 4095 μέντοι
1141 4025 1233 4080 56166
1256 4045 1309 4099 per

128 4111 298 4166 Anabaseos
318 4112 370 4166 184
388 4112 511 4183 paginas
529 4113 674 4183 leguntur,
693 4133 745 4185 per
758 4113 918 4184 nonaginta
931 4114 1053 4184 paginas
1067 4113 1143 4168 Η611.
1156 4133 1184 4185 p.
1199 4115 1232 4170 II
1250 4111 1309 4187 μήν

127 4201 222 4270 21166,
241 4202 273 4271 γὲ
292 4194 349 4272 μήν
368 4203 401 4255 15
413 4201 462 4269 166,
482 4206 578 4272 μέντοι
597 4203 683 4273 81166
701 4203 808 4257 inveni.
840 4203 903 4257 Usu
921 4191 1080 4274 particulae
1099 4195 1134 4268 dvi
1152 4221 1214 4258 non
1232 4205 1309 4260 mul-

129 4295 193 4344 tum
224 4291 280 4345 duo
307 4290 374 4344 libri
402 4288 548 4358 differunt,
576 4295 611 4360 γέ
631 4297 749 4363 propter
771 4291 996 4362 frequentiorem
1020 4291 1179 4363 particulae
1198 4293 1230 4362 γὲ
1249 4288 1310 4366 μήν

130 4396 214 4433 usum
232 4381 330 4457 paullo
349 4379 463 4451 saepius
482 4379 511 4433 in
532 4381 606 4435 Hell.
626 4382 718 4435 altera
737 4387 819 4452 parte
837 4380 968 4435 occurrit.
