2880 4852
534 60 816 124 ·-10-

124 239 247 304 aetatis
270 261 399 303 annum
421 245 594 303 versatum
622 261 695 303 esse
724 238 817 304 dicit.
866 239 932 317 Qui
957 261 1161 324 quamquam
1183 238 1302 322 Jung-

124 347 242 411 manni
265 369 440 411 assensum
455 345 537 412 tulit
553 343 691 429 (Philol.
709 345 883 432 Anneiger
905 348 938 412 V
959 369 992 431 p.
1012 347 1074 410 139
1098 341 1187 430 sqq.)
1212 344 1304 408 mihi

124 460 240 519 tamen
264 453 354 538 quod
381 453 492 518 voluit
522 476 592 518 non
618 453 787 539 probavit.
834 454 988 518 Primum
1017 453 1108 517 enim
1135 453 1302 536 rationes,

125 560 247 646 quibus
270 566 402 626 uttam
425 560 683 646 Euthydemum
711 583 812 645 quam
836 560 1048 626 Critobulum
1071 559 1304 647 Xenophonti

125 673 235 732 aetate
264 690 426 754 suppares
454 667 560 732 fuisse
589 667 771 750 existimet,
797 675 983 733 commotus
1012 673 1072 751 est,
1102 667 1303 733 levissimae

125 775 182 838 vel
193 774 321 839 nullius
338 775 503 840 momenti
519 780 599 839 sunt
607 769 642 860 1),
667 774 791 839 deinde
812 775 871 839 illa
891 776 1057 860 colloquia
1073 797 1101 839 a.
1117 775 1304 838 422-418

126 881 243 946 habita
278 904 351 946 esse
385 881 521 969 probari
554 904 624 946 non
658 888 780 969 potest.
828 882 1086 967 Euthydemum
1113 882 1207 946 enim
1232 881 1304 946 iam

123 994 206 1081 ante
223 1011 251 1052 a.
268 989 334 1053 417
360 989 533 1054 Socratem
554 990 676 1054 sectari
692 990 843 1076 coepisse
867 1013 908 1053 ex
925 1013 963 1054 ea
978 1012 1046 1054 una
1061 1011 1097 1053 re
1114 989 1302 1072 concludit,

128 1095 219 1181 quod
231 1096 289 1161 ille
303 1097 478 1161 aPlatone
496 1094 655 1180 (Conviv.
669 1120 708 1182 p.
724 1098 788 1160 222
801 1094 837 1178 b)
849 1097 940 1160 inter
952 1097 1099 1162 Socratis
1113 1095 1303 1182 discipulos

125 1210 418 1287 commemoratum
444 1204 649 1269 Oonvivium
664 1226 745 1268 vero
762 1227 790 1268 a.
807 1205 873 1268 417
890 1203 1045 1268 habitum
1065 1226 1138 1268 esse
1154 1203 1303 1290 fingitur
1344 1214 1346 1283 j

125 1310 264 1391 (Athen.
288 1313 329 1378 V.
353 1335 386 1397 p.
404 1313 492 1392 217).
531 1311 580 1376 At
603 1312 781 1376 Platonem
804 1310 929 1376 talibus
953 1310 990 1374 in
1012 1311 1112 1376 rebus
1136 1311 1303 1376 historiae
1344 1388 1346 1399 Ι

126 1417 229 1482 fidem
245 1440 314 1483 non
331 1441 481 1484 servasse
503 1427 537 1484 et
553 1418 691 1484 omnino
708 1424 839 1484 constat
856 1426 889 1483 et
904 1441 1013 1504 nuper
1028 1419 1302 1484 luculentissimo
1344 1458 1346 1463 ,

127 1527 280 1612 exemplo
304 1549 323 1591 a
346 1526 726 1612 Mueller-Struebingio
755 1527 1023 1592 demonstratum
1052 1532 1113 1590 est.
1161 1526 1301 1607 (Philol.

126 1638 150 1698 t.
168 1633 278 1721 suppl.
295 1634 345 1700 IV
364 1635 458 1698 1880.
483 1657 516 1720 p.
537 1632 624 1717 100).
660 1633 794 1699 Deinde
811 1657 871 1698 our
887 1657 926 1698 ea
942 1657 1027 1719 quae
1044 1635 1144 1698 Mem.
1159 1634 1196 1698 ΙΙ
1213 1634 1245 1719 6,
1257 1634 1301 1698 27

123 1741 298 1825 leguntur,
324 1740 367 1805 ad
384 1740 503 1805 foedus
528 1764 557 1807 a.
573 1742 640 1805 422
657 1742 699 1806 ab
716 1741 986 1806 Atheniensibus
1003 1764 1079 1805 oum
1095 1740 1240 1825 Argivis
1268 1749 1302 1807 et

127 1846 317 1912 Arcadibus
352 1848 478 1913 initum
512 1848 691 1913 referenda
714 1848 798 1933 sint,
833 1871 903 1913 non
937 1849 1051 1932 video,
1088 1871 1200 1933 neque
1236 1848 1303 1914 hoc

126 1955 330 2041 colloquium
353 1961 433 2020 ante
456 1979 611 2043 pugnam
639 1957 912 2021 Mantineensem
936 1980 964 2021 a.
987 1957 1054 2020 418
1083 1956 1303 2020 commissam

125 2063 280 2128 habitum
310 2085 383 2128 esse
411 2086 453 2127 ex
480 2063 581 2128 Mem.
606 2063 651 2147 H,
684 2064 714 2147 6,
746 2064 786 2127 18
814 2070 964 2150 apparet,
1001 2086 1078 2128 oum
1101 2063 1303 2150 Xenophon

125 2195 196 2237 non
219 2194 283 2255 reS,
331 2193 395 2235 uae
418 2193 528 2257 nuper
551 2170 758 2254 aeciderunt,
783 2172 953 2257 respiciat,
979 2170 1039 2235 sed
1056 2192 1141 2255 quae
1165 2193 1305 2257 semper

126 2279 278 2344 accidere
302 2285 454 2365 possunt,
479 2301 590 2364 neque
614 2278 650 2342 id
675 2278 764 2363 quod
787 2280 888 2343 Mem.
913 2278 974 2341 13
998 2286 1163 2361 narratur,
1199 2278 1302 2342 insti-

126 2392 239 2451 tutum
263 2408 336 2450 esse
365 2408 441 2450 oum
468 2409 587 2473 paoem
611 2386 833 2450 Atheniensis
869 2393 1019 2473 agerent,
1057 2408 1098 2449 ex
1133 2385 1177 2449 iis
1217 2408 1307 2471 quae

127 2495 278 2559 sectione
312 2493 416 2561 tertia
451 2492 582 2556 decima
616 2495 778 2579 leguntur
813 2493 896 2557 satis
932 2500 1081 2578 apparet.
1113 2493 1307 2578 —Itaque

129 2600 336 2666 Conuiuium
359 2599 564 2684 relinquitur
587 2606 622 2665 et
646 2601 899 2683 Oeconomicus,
937 2600 992 2684 qui
1030 2600 1068 2663 in
1103 2599 1196 2663 idem
1229 2599 1308 2676 *fere

127 2716 262 2795 tempus
278 2708 407 2773 eadere
430 2707 576 2791 videtur,
614 2730 690 2772 cum
713 2707 910 2794 Xenophon
938 2707 974 2771 in
1002 2713 1145 2792 utroque
1175 2707 1308 2794 scripto

128 2816 342 2882 Critobulum
365 2837 474 2899 nuper
496 2837 635 2880 uxorem
665 2814 801 2878 duxisse
829 2813 948 2899 fingat.
989 2813 1198 2907 Conuiuium
1222 2837 1308 2882 vero

11 2920 16 2928 ’
128 2924 291 3009 Autolyci
313 2923 459 2987 victoria
482 2921 703 2986 celebrandae
727 2944 827 2987 causa
843 2945 862 2986 a
878 2922 988 2986 Callia
1004 2928 1206 3009 apparatum
1231 2945 1308 2988 esse

219 3153 246 3223 1)
275 3151 457 3208 oeritsche
475 3153 561 3223 pse:
582 3151 653 3222 „Dic
670 3151 886 3223 besprochenen
899 3151 1067 3207 Scenerieen
1085 3152 1226 3206 erlauben
1246 3173 1309 3208 nun

128 3243 261 3297 Schli'rsse
287 3243 340 3296 auf
360 3242 539 3312 Xenophons
564 3240 756 3311 Geburtszeit,
784 3241 851 3295 weil
879 3258 910 3295 er
937 3241 1140 3295 ausdrucklich
1168 3241 1307 3315 bezeugt‚

130 3332 196 3387 dass
215 3350 246 3387 er
265 3331 311 3386 bei
324 3331 414 3385 ihnen
426 3330 628 3403 gegenwartig
640 3350 710 3386 war.
732 3373 737 3384 .
759 3373 764 3385 .
785 3373 791 3384 .
822 3330 877 3383 Die
890 3329 1054 3400 Gesprache
1066 3330 1120 3383 mit
1133 3329 1309 3403 Euthydem

128 3422 168 3476 im
193 3422 244 3476 IV.
263 3421 363 3476 Buche
386 3421 482 3476 lassen
505 3420 616 3474 sodann
640 3421 708 3475 aber
731 3421 805 3474 auch
829 3420 884 3473 den
908 3420 1025 3473 Sohluss
1049 3419 1103 3474 auf
1122 3419 1309 3492 Xenophons

129 3511 288 3582 damaliges
313 3511 396 3564 Alter
423 3529 466 3565 zu.
504 3511 546 3563 Er
567 3510 653 3564 theilt
672 3510 713 3563 sie
731 3528 768 3563 zu
787 3509 851 3563 dem
870 3510 992 3563 Zweoke
1010 3508 1072 3576 mit,
1102 3528 1151 3562 um
1172 3509 1310 3567 Socrates

129 3601 323 3672 Eraiehungs-
337 3600 397 3653 und
409 3599 623 3654 Lehrmethode
642 3599 841 3668 darzustellen,
861 3598 928 3651 und
947 3617 1039 3652 zwar
1057 3599 1140 3652 thut
1159 3617 1197 3653 er
1216 3617 1256 3655 es
1275 3600 1311 3654 in

129 3688 526 3759 verbaltnissmassiger
544 3687 867 3742 Ausfr'ihrlichkeit.
904 3687 1023 3741 Daher
1044 3687 1084 3741 ist
1111 3687 1163 3742 der
1187 3689 1311 3744 Schluss

130 3780 360 3852 gercchtfertigt,
380 3778 446 3832 dass
463 3778 531 3848 jene
549 3777 714 3850 Gesprache
734 3796 785 3832 aus
799 3777 978 3848 Xenophons
997 3777 1113 3847 eigener
1126 3777 1314 3834 Schiilerzeit

130 3875 273 3924 stemmen
292 3868 352 3922 und
372 3869 437 3922 dass
457 3886 488 3922 er
507 3872 583 3922 etwa
601 3867 728 3938 gleiches
747 3867 831 3922 Alter
849 3866 903 3920 mit
921 3866 1089 3937 Euthydem
1114 3867 1210 3937 hatte,
1242 3869 1312 3924 oder

131 3960 279 4027 viehnehr,
299 3959 336 4012 da
355 3976 385 4012 er
404 3958 503 4011 Inhalt
521 3957 581 4011 und
593 3958 741 4011 Personen
760 3957 810 4012 der
828 3956 993 4028 Gesprache
1012 3957 1067 4010 mit
1079 3957 1313 4031 Beherrschung

131 4049 181 4103 des
200 4047 418 4118 Gegenstandes
437 4047 576 4117 darstcllt‚
596 4047 662 4100 dass
681 4064 712 4100 er
724 4051 815 4101 etwas
834 4048 908 4102 alter
927 4048 970 4101 als
983 4046 1152 4116 Euthydem
1167 4047 1264 4102 war.“
1280 4080 1310 4088 —

133 4139 232 4208 Neque
250 4138 344 4208 magis
363 4154 397 4191 ex
423 4137 466 4206 iis,
494 4155 566 4207 quae
585 4136 709 4207 Apomn.
729 4137 744 4190 I
762 4138 788 4206 3,
806 4138 895 4190 8-15
913 4138 1059 4207 leguntur,
1078 4136 1314 4210 Xenophontem

136 4227 276 4284 minorem
295 4232 367 4283 natu
386 4226 476 4282 fuisse
495 4243 581 4298 quam
601 4224 782 4281 Critobulum
801 4231 927 4299 apparet.
